1749 2481
824 95 294 32 PARIS-MONDAIN

1299 1846 34 26 A.
1355 1845 222 27 Saint-Martin.

653 483 164 42 NOTE
864 483 70 40 DE
985 473 305 51 L'ÉDITEUR

306 779 43 27 De
365 778 66 26 tous
448 777 41 26 les
506 776 89 26 livres
615 773 167 28 d'adresses
800 781 96 27 parus
907 773 125 35 jusqu'à
1045 781 31 19 ce
1091 773 87 35 jour,
1195 774 328 29 PARIS-MONDAIN
1538 775 47 27 est
1606 775 102 27 incon-

239 827 199 31 testablement
454 827 83 31 celui
553 826 51 35 qui
618 834 18 19 a
652 825 100 27 obtenu
768 825 33 27 le
818 825 71 35 plus
911 824 48 35 vif
972 825 27 26 et
1019 825 130 34 légitime
1169 826 100 26 succès
1292 825 76 27 dans
1387 827 41 25 les
1454 827 122 27 Grands
1597 827 110 26 Salons

238 881 164 36 parisiens.

307 949 27 27 Il
356 947 114 35 suffira
491 946 164 28 seulement
677 944 35 28 de
730 943 162 37 parcourir
910 943 36 37 le
971 944 117 27 volume
1107 951 81 28 pour
1210 952 30 19 se
1264 944 110 28 rendre
1401 946 114 35 compte
1544 953 54 28 que
1622 947 87 27 notre

240 1000 185 36 publication
441 999 77 27 n'est
530 1005 53 28 pas
600 1005 40 18 un
655 997 150 27 annuaire
820 996 167 27 ordinaire.

312 1068 53 28 Cet
377 1075 129 27 ouvrage
520 1075 19 19 a
555 1067 28 26 la
598 1065 172 35 prétentinn
788 1065 37 27 de
845 1064 127 34 différer
986 1064 255 27 essentiellement
1253 1064 51 27 des
1326 1065 172 28 collections
1521 1065 35 27 de
1577 1073 86 19 noms
1683 1067 29 26 et

242 1119 169 28 d'adresses
473 1118 66 34 trop
555 1116 124 28 souvent
693 1115 151 27 inexactes
910 1115 31 27 et
960 1115 51 28 des
1031 1115 183 28 indications
1232 1115 120 28 banales
1373 1116 169 35 auxquelles
1558 1116 33 35 le
1610 1117 100 35 public

245 1170 146 34 n'attache
407 1170 65 34 plus
489 1169 225 34 d'importance.

311 1238 94 28 Notre
420 1245 110 25 œuvre,
545 1244 76 20 nous
635 1243 90 21 osons
741 1235 26 27 le
781 1234 76 34 dire,
873 1235 47 26 est
933 1242 57 20 une
1004 1242 102 20 œuvre
1120 1234 36 28 de
1171 1235 194 34 compilation
1381 1236 162 27 lentement
1555 1236 29 27 et
1601 1236 111 28 sérieu-

244 1289 118 28 sement
377 1289 145 27 élaborée.
542 1289 53 25 Les
616 1287 253 35 renseignements
885 1293 55 28 que
955 1293 77 20 nous
1044 1286 153 35 publions,
1210 1287 103 35 puisés
1329 1295 61 18 aux
1404 1294 123 20 sources
1543 1287 166 34 officielles,

244 1342 72 26 sont
327 1342 132 34 groupés
474 1340 35 26 de
524 1339 32 34 la
572 1339 81 34 façon
669 1339 32 34 la
714 1338 71 35 plus
797 1345 115 28 propre
927 1337 18 27 à
960 1338 138 31 éclairer,
1114 1338 107 33 guider
1234 1338 31 27 et
1277 1338 162 27 intéresser
1454 1338 42 27 les
1512 1339 138 27 lecteurs.

314 1409 42 27 La
367 1408 68 27 liste
444 1408 52 27 des
506 1415 91 19 noms
610 1406 38 28 de
660 1406 114 35 jeunes
789 1406 85 26 filles
888 1405 175 36 précédant
1077 1406 31 26 le
1122 1414 74 19 nom
1211 1406 42 27 du
1268 1407 78 26 mari
1362 1406 29 28 et
1403 1406 71 27 celle
1489 1407 51 27 des
1554 1406 158 28 Adresses

244 1461 18 26 à
276 1462 28 25 la
320 1461 78 26 Côte
417 1459 128 32 d'Azur,
565 1459 129 33 surtout,
715 1465 75 19 nous
810 1458 56 26 ont
882 1457 69 27 valu
973 1455 44 36 les
1031 1455 193 36 félicitations
1249 1458 35 27 de
1306 1466 55 19 nos
1376 1459 131 26 abonnés
1523 1460 32 25 et
1568 1459 140 26 lecteurs.

247 1511 83 28 Nous
345 1510 164 28 saisissons
524 1510 73 28 cette
612 1510 139 28 occasion
764 1517 79 27 pour
858 1510 42 26 les
916 1509 164 27 remercier
1099 1508 35 28 de
1156 1510 66 27 leur
1237 1509 194 28 bienveillant
1449 1510 262 33 encouragement.

314 1581 84 26 Nous
410 1580 108 34 prions
534 1578 194 28 instamment
742 1585 54 20 nos
813 1578 127 27 lecteurs
956 1577 35 29 de
1011 1586 75 19 nous
1102 1577 79 33 faire
1196 1578 76 36 part
1287 1577 37 28 de
1340 1578 81 27 leurs
1437 1577 155 28 moindres
1616 1577 97 28 obser-

248 1632 128 31 vations,
393 1631 63 34 afin
466 1630 72 35 qu'il
551 1637 37 19 en
602 1631 60 26 soit
676 1631 68 26 tenu
759 1630 115 35 compte
889 1629 77 27 dans
984 1629 133 27 l'édition
1128 1630 145 26 suivante.

317 1698 77 28 C'est
407 1698 130 28 l'intérêt
547 1698 123 34 général
684 1706 54 26 que
753 1706 54 19 nos
822 1697 132 28 abonnés
969 1698 153 27 serviront
1134 1705 38 20 en
1191 1705 75 19 nous
1281 1697 163 28 adressant
1466 1697 81 28 leurs
1571 1697 142 34 critiques

248 1750 30 26 et
290 1750 82 26 leurs
386 1750 139 26 conseils.
