1749 2481
363 113 144 29 CANNES

675 113 348 29 ALPES-MARITIMES

1172 115 147 29 CANNES

123 202 131 26 Sperling
264 201 56 30 (M.),
335 202 56 23 villa
405 202 109 28 Galdaua,
530 202 91 23 chemin
629 202 27 23 de
664 201 157 24 Mont-Fleuri.

123 241 135 26 Solignat,
273 240 126 23 boulevard
414 241 28 21 de
452 241 27 21 la
489 240 122 28 Croisette,
627 240 56 22 villa
696 240 125 29 Bagatelle.

123 279 78 20 Soret
225 278 32 20 de
277 279 169 21 Boisbrunet
469 278 57 29 (M.),
550 278 96 28 Avocat,
669 279 37 27 12,
728 284 41 15 rue
791 277 31 22 du

155 306 82 22 Chemin
250 306 27 22 de
290 306 54 22 fer.

123 345 195 27 Stahlknecht,
325 344 92 23 chemin
425 344 41 24 des
477 344 143 30 Vallergues,
630 342 77 25 chalet
716 344 105 23 Amable.

124 384 116 24 Stanley
266 384 169 26 Erringthon
466 383 91 29 (Lady),
584 385 68 19 route
678 381 28 23 de
732 382 89 30 Fréjus,

156 410 55 22 villa
221 411 113 23 l'Esterel.

123 449 126 21 Starford
267 448 73 28 (II™*),
354 448 127 22 boulevard
496 448 93 29 Carnot,
607 448 56 22 villa
678 448 142 29 Campestra.

124 487 134 20 Stœcïtlin
282 485 88 28 iJules),
390 485 135 29 Ingénieur,
545 493 40 15 rue
604 485 28 23 de
650 485 89 29 Fréjus,
767 484 55 24 villa

155 513 157 23 Grand'mére.

123 553 90 20 Suche
228 551 74 29 (M""),
317 552 56 22 villa
388 552 81 28 Suche,
485 559 41 15 rue
542 552 102 22 Borniol.

123 590 88 21 Suttie
228 588 63 29 (Miss
305 588 91 29 Graut),
412 589 61 29 villa
485 589 122 29 Ste-Aguès,
616 593 66 18 route
695 589 124 30 deFréjns.

122 625 137 24 Suzannet
271 625 43 29 (O*
328 630 24 19 et
365 626 61 28 C'
438 626 48 28 de),
502 626 56 23 villa
572 626 125 28 Suzanuet,
712 630 68 19 route
793 626 29 23 de

154 655 88 29 Fréjus.
225 663 17 15 s.

121 691 121 25 Sydney-
259 691 242 25 Watterlow-Bart
517 688 65 30 (Sir),
598 689 89 22 Ancien
703 689 75 22 Maire
793 690 29 21 de

155 719 111 26 Londres,
282 718 67 22 Croix
363 718 40 22 des
418 718 95 27 Gardes,
528 718 56 22 villa
598 718 127 30 Monterey.

123 789 86 26 Taffe,
224 788 57 22 villa
293 788 155 29 Bel-Respiro,
462 788 92 22 chemin
568 788 28 22 de
611 788 133 22 Californie.

123 827 106 26 Tagent
244 825 38 28 (D'
297 825 46 28 H.),
358 827 37 26 60,
410 833 42 15 rue
465 825 129 23 d'Antibes.

122 864 174 21 Taillandier
311 863 37 29 \}l.
364 867 23 18 et
400 863 66 28 M*"),
483 863 90 22 chemin
594 862 29 23 de
638 863 110 28 Benefiat,
765 863 56 22 villa

155 892 144 22 Saint-Félix.

121 930 173 26 Talleyrand
303 933 27 19 et
346 932 90 24 Sagan
451 930 57 28 (Duc
522 930 37 27 de)
571 929 33 29 [et
623 930 54 22 D*
696 931 41 21 née
751 931 69 22 Seil-

153 963 82 29 lière],
246 963 59 29 villa
321 963 119 29 Pôrigord,
454 967 67 18 route
537 963 28 22 de
582 963 87 30 Fréjus.

121 1003 179 24 Tarragonne
318 1000 79 29 .(>">••••
425 1001 85 22 Robert
536 1000 46 28 de),
602 1004 66 19 route
690 999 129 28 d'Amibes,

153 1034 59 22 villa
223 1034 94 22 Anlélie.

123 1073 104 25 Taylor
241 1070 47 30 (M.)
303 1073 37 26 43,
355 1078 42 16 rue
411 1070 29 24 de
454 1071 88 30 Fréjus.

120 1109 137 22 Teisseire
272 1108 48 29 (J.),
337 1109 134 28 Ingénieur,
485 1110 23 27 6,
522 1115 42 15 rue
579 1108 39 22 des
633 1107 109 23 Marchés.

120 1148 122 20 Toissier
257 1146 126 29 (Georges),
399 1145 56 23 villa
469 1146 28 22 de
512 1146 23 22 la
548 1145 78 30 Plage,
645 1144 127 23 boulevard
792 1144 29 22 de

153 1175 22 22 la
191 1175 123 22 Croisette.

119 1215 129 22 Tennent
268 1212 58 29 (M.),
341 1212 92 24 chemin
449 1213 32 22 du
499 1212 137 27 Petit-Juas,
656 1211 58 23 villa
734 1211 87 29 Baréty

120 1251 111 22 Terrier
246 1251 37 27 (Dr
298 1251 81 27 Félix),
395 1251 94 22 Membre
504 1251 31 22 de
551 1251 144 22 l'Académie
703 1250 29 22 de
741 1250 79 22 méde-

151 1280 53 22 cine
228 1281 28 22 de
275 1280 71 23 Paris
367 1280 31 28 [et
416 1280 46 22 M»"
482 1281 41 21 née
540 1279 191 29 Vuilliaumel,
753 1282 68 19 route

152 1308 128 29 d'Autibcs,
295 1309 57 22 villa
369 1308 101 24 Félicité.

119 1348 109 26 Thuisy
240 1346 44 27 (Mu
294 1346 47 29 de),
355 1348 135 22 Secrétaire
499 1346 178 27 d'Ambassade,
689 1346 132 23 Conseiller

151 1377 97 27 générat
273 1377 27 22 de
328 1376 73 23 l'Oise
415 1375 32 29 [et
459 1376 45 22 M""
520 1377 42 20 née
578 1376 29 22 de
621 1375 198 30 Toequeville],

150 1405 127 22 boulevard
290 1405 29 22 de
333 1406 23 22 la
369 1405 123 28 Croisette,
507 1406 57 21 villa
577 1405 108 22 Venezia.

118 1444 202 25 Thurneyssen
334 1442 37 27 (M.
388 1446 23 19 et
425 1442 45 23 M™'
485 1442 114 27 Charles),
620 1442 55 22 villa
687 1441 117 23 Miramar.

119 1480 86 21 Tillet
219 1479 59 28 (du),
292 1479 57 22 villa
362 1479 31 22 du
411 1479 78 28 Tillct,
503 1486 42 15 rue
559 1479 260 28 du^Cercle-INautique.

120 1518 129 20 Tiribilot
263 1516 147 28 (Alexandre)
426 1515 32 29 [et
472 1516 46 22 M™"
529 1517 40 21 née
585 1516 40 21 des
637 1515 130 29 Qréaux],
779 1521 41 16 rue

151 1544 27 23 de
192 1545 89 30 Fréjus,
296 1545 65 22 villa
374 1545 144 22 St-Norbert.

119 1584 180 25 Tocqueville
315 1582 69 29 (B"1
398 1582 46 28 de),
460 1581 87 24 Maison
562 1582 120 26 Constant,
692 1580 128 24 boulevard

151 1611 113 24 d'Alsace.

117 1647 188 26 Tony-Morel
332 1644 74 30 (M™'),
434 1645 127 24 boulevard
590 1645 30 22 du
644 1643 96 29 Cannet,
764 1643 56 23 villa

151 1674 90 23 Elvina.

120 1710 93 25 Torby
233 1708 70 28 (G1""
321 1707 48 28 de),
392 1707 91 24 chemin
508 1707 28 24 de
559 1707 23 23 la
605 1706 134 29 Californie,
763 1706 57 24 villa

152 1736 111 24 Kasbeck.

118 1772 187 25 Treytorrens
322 1771 66 28 (M""
408 1770 51 29 de),
477 1778 40 15 rue
541 1770 28 22 de
593 1770 22 22 la
634 1769 106 29 Ferrage,
765 1769 56 23 villa

150 1799 114 23 Corbelle.

120 1837 100 21 Trillot
234 1836 36 27 (M.
287 1839 23 19 et
323 1835 46 23 M™"
383 1836 46 28 E.),
444 1836 56 23 villa
521 1836 21 23 la
558 1836 104 29 Frégate,
680 1835 91 22 chemin
790 1835 28 22 de

148 1864 24 23 la
184 1864 133 23 Californie.

119 1903 100 20 Trillot
241 1902 38 24 (M.
299 1906 24 17 et
340 1901 47 22 M""
406 1902 100 24 Ernest,
526 1900 127 24 boulevard
672 1900 30 22 du
723 1901 87 21 Cannet

148 1933 65 27 viiia
226 1933 78 27 ïonny.

116 1969 103 21 Trillot
234 1968 188 27 (Commandant)
439 1967 30 30 [et
486 1967 66 30 M™1],
568 1966 57 24 villa
640 1967 24 22 la
680 1966 104 30 Frégate.

118 2005 235 29 Tripet-Kriptzine
367 2005 102 29 (11™"),
511 2008 66 19 route
605 2004 133 29 d'Antibes,
751 2004 66 29 villa

146 2034 139 22 Alexandra.

115 2073 104 21 Truchi
236 2072 46 28 (V"
296 2072 102 22 Ludovic
412 2072 45 29 de).

117 2111 88 21 Tubie
220 2108 54 30 (F.),
289 2110 38 27 21,
341 2108 56 31 quai
412 2110 169 23 Saint-Pierre.

115 2148 108 21 Turber
238 2147 85 29 (Major
336 2151 24 18 et
372 2147 67 29 Mm'),
453 2147 57 23 villa
522 2147 43 23 Les
579 2147 93 23 Tennis.

876 203 14 23 l
904 203 72 23 brich
989 203 95 30 (E.-R.),
1097 204 92 23 chemin
1204 204 30 23 du
1245 204 134 27 Petit-Juas,
1388 203 60 24 villa
1460 203 108 24 Ste-Rose.

875 238 119 21 Usscher
1009 237 58 28 (M.),
1078 237 58 28 villa
1151 238 102 28 Selvosa,
1268 238 92 22 chemin
1375 237 25 23 de
1412 237 153 23 Mont-Fleuri.

876 303 141 28 Valençay
1033 304 53 28 (Duc
1099 304 53 28 de),
1168 305 57 22 villa
1237 305 118 29 Périgord,
1366 310 67 17 route
1443 305 28 22 de
1481 304 88 30 Frëjus.

875 339 134 20 Valcourt
1023 338 28 21 D»
1066 338 46 28 de),
1126 338 57 22 villa
1197 339 77 23 Clara,
1288 338 128 23 boulevard
1431 338 30 22 du
1475 339 94 22 Cannet.

874 371 134 22 Valcourt
1021 371 38 28 (D'
1075 370 36 29 de)
1127 371 33 30 [et
1172 371 47 23 M""
1235 373 40 21 née
1289 371 28 23 de
1331 371 87 30 Traz],
1436 371 57 23 villa
1507 370 63 24 Hau-

903 398 81 24 terive.

874 434 112 25 Valton,
1000 437 68 18 route
1081 433 28 22 de
1126 434 87 29 Fréjus,
1232 433 56 22 villa
1303 433 91 23 Valton.

874 468 62 19 Van
950 469 113 24 Harpen
1077 469 116 25 Kuyper
1206 467 67 29 (M.),
1286 467 120 29 boulevard
1421 467 29 22 de
1464 467 23 22 la
1503 467 65 22 Croi-

902 498 67 21 sette,
986 496 57 21 villa
1058 496 161 22 Numa-Blanc.

873 527 63 22 Van
951 530 74 20 Loon
1040 528 56 28 (M.),
1107 528 56 28 villa
1174 529 134 27 Beau-Lieu,
1318 529 91 23 chemin
1420 528 29 24 de
1462 528 23 24 la
1494 528 76 23 Croix-

902 556 146 24 des-Gardes.

873 592 104 21 Varine
992 590 56 29 (de),
1063 591 56 22 villa
1132 592 79 27 Henri,
1225 592 127 22 boulevard
1366 592 27 22 de
1409 593 23 21 la
1447 591 121 23 Croisette.

873 625 110 22 Vassart
998 625 126 22 d'Hozier
1137 625 45 23 (C"
1192 628 24 19 et
1225 625 96 23 C'L.
1333 625 46 29 de),
1390 625 56 22 villa
1457 625 111 22 d'Hozier.

874 658 173 22 Vaudremer
1077 658 36 24 (l)r
1133 658 91 22 Albert)
1255 658 32 29 [et
1308 658 54 23 M'"«
1375 658 40 23 née
1443 658 125 29 Buttura]

901 688 37 25 SO,
952 693 42 16 rue
1009 686 146 24 Fclix-Faure
1166 687 33 29 (7.
1217 687 70 28 1.44).

873 725 160 26 Vauquelin
1047 725 92 27 (Julien)
1156 725 32 28 let
1202 725 46 22 M™*
1263 726 42 21 née
1319 725 249 29 Alexis-Moreau],

901 752 58 22 villa
973 753 13 23 «
999 753 81 23 Sicard
1092 763 20 18 »,
1127 755 23 25 3,
1165 761 85 21 square
1264 753 115 24 Mérimée.

873 791 87 21 Vedel
975 789 56 30 (M.),
1047 790 134 29 Ingénieur,
1196 792 56 21 villa
1267 791 123 29 Speranza.

873 829 143 24 Veraguth
1039 827 56 29 (D'),
1118 827 127 24 boulevard
1269 828 114 29 d'Alsace,
1407 829 56 23 villa
1484 828 84 24 Marie-

902 856 134 29 Hippolyte.

872 896 111 26 Vianay
998 896 54 27 (L.),
1067 895 144 27 Architecte,
1227 896 21 26 9,
1264 902 41 16 rue
1319 896 124 22 Hermann.

873 933 81 20 Vidal
971 931 52 30 (C.),
1038 933 144 27 Architecte,
1198 935 20 25 1,
1235 939 40 16 rue
1289 933 208 23 Jean-de-Rioufle.

873 971 81 21 Vidal
975 971 77 22 Soler
1082 970 45 28 (M.)
1153 970 32 29 [et
1207 970 46 23 M"1
1277 973 39 20 née
1339 970 29 24 de
1392 971 98 29 Costa],
1513 971 57 24 villa

902 998 88 28 Sicard,
1005 1001 22 23 2,
1042 1006 41 16 rue
1097 999 168 30 d'Angleterre.

873 1038 119 20 Vincent
1007 1036 55 29 (M™"
1076 1037 40 27 J.),
1130 1037 63 21 boul.
1204 1037 29 21 de
1244 1037 22 22 la
1277 1037 122 28 Croisette,
1412 1038 57 22 villa
1479 1037 90 23 Denise.

872 1075 119 20 Viollier
1007 1073 56 29 (M.),
1078 1073 56 22 villa
1144 1073 92 29 Sphinx,
1249 1073 66 29 route
1326 1074 135 29 d'Antibes,
1474 1074 94 29 Cannes-

902 1102 72 22 Kden.

872 1147 87 23 Vitali
976 1147 44 29 (Cl>
1034 1152 23 17 et
1080 1147 79 30 C1""),
1180 1148 57 22 villa
1260 1148 144 29 Florentina,
1428 1150 91 22 chemin
1542 1150 28 23 de

901 1177 125 22 Vallauris.

872 1212 111 21 Vulker
997 1210 74 28 (M"*),
1085 1209 126 24 boulevard
1227 1210 112 29 d'Alsace,
1356 1211 56 24 villa
1426 1212 99 27 Hugues.

872 1247 98 24 Vyner
984 1244 122 29 (Captaiu),
1118 1244 61 29 villa
1191 1244 109 29 Montfial,
1314 1245 91 23 chemin
1415 1247 29 21 de
1456 1246 103 23 Montfial

872 1316 161 25 W'alburth,
1052 1314 91 23 chemin
1162 1315 29 22 de
1208 1315 143 30 A'allergues,
1370 1314 77 23 chalet
1464 1313 105 23 Amable.

872 1350 120 20 Walker
1006 1348 74 29 (M™"),
1098 1347 57 24 villa
1167 1349 144 29 Antoinette,
1331 1348 91 23 chemin
1445 1348 28 22 de
1495 1347 74 22 Beau-

902 1377 90 30 Séjour.

872 1417 121 19 Walker
1008 1414 51 29 (F.),
1080 1414 55 22 villa
1148 1414 167 27 Mezzo-Monte,
1336 1413 89 24 chemin
1445 1413 29 23 de
1493 1413 76 23 Mont-

901 1444 76 21 fleuri.

872 1482 132 25 Walpole
1019 1479 56 29 (The
1090 1479 57 23 Hon.
1163 1484 23 18 et
1200 1479 42 29 M"),
1272 1479 52 29 villa
1341 1479 111 29 Allegria.

872 1521 121 18 Warner
1021 1518 118 26 [Général)
1168 1517 33 29 [et
1224 1517 47 22 M«s
1294 1517 125 30 Adolphe],
1442 1516 128 22 boulevard

901 1547 94 28 Carnot,
1009 1546 57 22 villa
1080 1547 43 21 Les
1137 1546 118 29 Glycines.

872 1587 142 24 Warnery
1029 1584 104 28 (James),
1148 1583 145 28 Architecte,
1308 1583 103 30 pavillon
1426 1582 106 24 Claudia.

872 1624 201 20 Wastermann
1087 1621 60 29 (M.),
1159 1621 60 29 villa
1241 1621 33 23 les
1294 1621 146 28 Genévriers,
1461 1620 110 24 ancienne

901 1655 67 19 route
981 1651 29 22 de
1023 1650 91 24 Grasse.

872 1691 158 20 Waterlow
1045 1688 48 30 (Sir
1106 1688 105 31 Sidney),
1226 1689 57 22 villa
1296 1688 130 30 Monterey,
1440 1688 87 30 chemin
1543 1687 28 23 de

902 1720 22 21 la
939 1717 223 24 Croix-des-Gardes.

872 1756 97 22 Werlé
997 1755 53 28 (C")
1066 1755 32 29 [et
1120 1754 60 23 G'
1194 1756 43 22 née
1254 1754 28 24 de
1305 1754 189 29 Montebello],
1516 1754 55 23 villa

902 1785 137 22 Saint-Jean.

871 1823 155 21 "Westhead
1041 1821 110 28 (Br.own),
1166 1820 56 23 villa
1236 1820 192 27 Saint-Laurent,
1444 1820 127 23 boulevard

901 1851 29 22 de
945 1851 21 21 la
981 1847 135 25 Croisette.'

871 1889 147 25 Whiteley
1032 1886 72 28 (M"«),
1119 1890 66 18 route
1199 1886 28 22 de
1241 1886 88 29 Fréjus,
1345 1886 56 22 villa
1412 1886 128 21 Valentine.

871 1927 144 20 Williams
1031 1923 80 29 (Miss),
1126 1922 55 23 villa
1195 1922 30 23 du
1241 1922 96 27 Rocher,
1352 1927 67 18 route
1441 1922 128 24 d'Antibes.

871 1962 152 28 Wimpffen
1052 1961 68 28 (B"
1142 1961 47 28 de),
1213 1960 56 22 villa
1291 1959 174 28 Marie-Victor,
1485 1966 41 16 rue
1539 1960 31 22 du

901 1991 218 28 Cercle-Nautique.

871 2032 161 20 Wollaston
1047 2026 125 30 (Révérend
1188 2031 23 17 et
1224 2026 66 29 Mwo),
1308 2026 263 31 Terrefial-les-Cygnes-

871 2103 99 26 Young
984 2100 38 29 (M.
1037 2104 23 17 et
1073 2099 47 22 M""
1135 2098 125 29 Frédéric),
1274 2100 37 25 45,
1325 2105 42 15 rue
1379 2097 29 23 de
1423 2098 87 29 Fréjus.

871 2171 86 20 /aller
971 2168 56 27 (Dr),
1042 2168 26 26 3,
1081 2168 39 26 rue
1138 2165 125 23 Hermann.
