1749 2481
331 100 119 30 GOLFE
473 100 97 32 JUAN
696 100 347 31 ALPES-MARITIMES
1168 99 50 31 LA
1238 100 139 30 TURBIE

649 246 109 25 GOLFE
791 247 89 24 JUAN
899 243 50 31 (txi
961 243 37 31 fc=
1016 243 47 30 eS)

146 371 100 23 Benoit
259 370 38 30 (M.
312 374 24 19 et
350 370 66 30 M"'),
431 375 67 20 route
511 371 131 29 d'Autibes,
665 371 57 24 villa
740 370 108 26 Mireille.

145 410 121 26 Beylard
281 408 74 30 (M–),
369 409 58 24 villa
444 410 155 24 Brimborion.

145 449 151 21 Bralshaw
316 447 75 31 (M"s),
414 457 11 12 «
449 448 44 23 Les
515 448 88 31 Bauges
628 457 21 19 »,
671 448 128 24 boulevard
821 449 28 22 de

174 481 65 24 Canne
252 481 91 24 s-Eden.

143 549 137 24 Chabrier
293 550 57 30 (M.),
366 551 57 22 villa
436 550 180 31 Bijou-sur-Mer,
631 554 68 19 route
717 550 130 24 d'Antibes.

145 589 157 27 Coppinger
323 587 37 31 (M.
383 588 97 24 Emman
499 593 23 19 et
541 588 97 30 M°"uel)
663 589 51 30 [née
734 589 115 23 d'Infre-

174 618 80 27 ville,
268 618 58 22 villa
339 618 134 24 Belvédère.

145 687 130 27 Dessoffy
288 688 33 21 de
336 689 125 21 Csernek
476 685 44 31 (O
534 690 24 20 et
572 686 81 31 C'"1"),
667 686 57 24 villa
738 686 33 24 les
787 686 62 24 Mar-

174 720 110 30 guerites.

144 761 211 26 Dombrowsky
370 758 59 30 (M.),
440 758 59 30 villa
515 759 111 31 Cynlhia,
641 759 64 24 route
717 759 128 24 d'Antibes.

145 827 121 28 Fesquet
279 826 57 29 (M.),
351 826 58 24 villa
423 827 33 23 les
469 827 118 29 Mimosas,
602 831 68 20 route
683 826 166 25 deVallauris.

144 896 145 22 Godineau
303 894 59 31 (M.),
375 895 58 23 villa
446 895 116 29 Val-d'Or,
579 901 67 18 route
662 896 129 23 d'Autibes.

145 935 238 26 Griffon-Sénèjac
400 934 43 29 (C"
457 937 24 20 et
495 935 61 22 Cle>"
571 934 47 30 de),
642 935 57 22 villa
716 934 132 22 Lombard-

174 968 86 22 Verdé.

145 1016 254 22 Guirard-Massier
414 1015 74 30 (M""),
502 1015 58 23 villa
573 1015 149 30 Mignonette,
736 1019 68 18 route
822 1014 28 23 de

174 1044 34 24 Val
219 1044 80 24 lauris.

146 1287 106 24 Carnot
268 1287 126 32 (François)
412 1288 33 31 [et
459 1288 46 23 Mm'
522 1290 43 22 née
582 1289 116 30 Chiris],
712 1289 57 23 villa
782 1289 68 24 l'Oli-

175 1330 63 19 vette
252 1326 29 23 de
295 1326 109 24 Malbosc.

146 1364 93 23 Chiris
256 1364 54 30 (M»'
320 1365 81 29 Léon),
412 1366 42 22 née
470 1368 115 26 Thome,
600 1366 58 23 villa
682 1366 117 23 l'Olivette
821 1366 28 22 de

175 1394 108 24 Malbosc.

147 1434 92 21 Chiris
254 1432 119 31 (Georges)
398 1433 34 29 [et
448 1433 48 23 M"1
514 1436 44 20 née
581 1434 268 30 Cunisset-Carnot],

176 1462 57 24 villa
246 1462 193 31 Saint-Georges.

146 1552 153 21 Freissinet
313 1552 33 21 de
360 1553 152 26 Bellanger
526 1551 53 31 (M")
595 1552 32 30 [et
640 1552 46 22 M'"
700 1553 41 22 née
752 1553 97 30 Brun],

174 1580 58 23 villa
245 1581 134 22 Freissiuet.

145 1661 131 28 Geoffroy
291 1663 32 21 de
337 1665 103 20 Rouret
454 1661 45 30 (M"
514 1661 47 29 de),
583 1664 29 26 jfis
633 1661 29 24 de
681 1661 167 24 Chàteauneuf.

648 1783 267 24 JUAN-LES-PINS
932 1781 47 28 (Kl
1049 1780 48 29 m

144 1915 152 23 Alcantara
311 1916 43 28 (C"
368 1916 48 29 de),
431 1916 57 22 villa
506 1915 252 30 Saint-Jean-Raptiste.

143 1987 163 23 Cofflnières
320 1989 33 21 de
374 1988 127 22 Nordeck
516 1988 56 29 (M™
587 1987 47 30 de),
653 1987 57 23 villa
730 1987 115 31 Mogador.

144 2026 161 22 Cofftnières
329 2027 32 21 de
382 2027 129 22 Nordeck
534 2024 37 30 (M.
592 2029 24 19 et
636 2024 47 24 Mm'
698 2025 79 23 André
799 2025 47 29 de),

173 2059 128 29 Capitaine
311 2060 27 23 de
352 2060 102 28 frt'gate,
472 2061 35 27 ^Sf.

142 2131 107 24 Gallice
260 2130 117 31 (Georges)
389 2131 32 29 [et
432 2131 47 23 M™1
489 2132 42 23 née
539 2131 135 30 Durand],
685 2131 55 24 villa
748 2130 96 25 Gallice.

142 2171 75 26 Gray
232 2169 71 30 (C1""
316 2169 48 29 de),
380 2169 55 23 villa
449 2169 29 23 de
495 2169 71 31 Gray.

900 373 120 23 Ooulian
1035 371 107 30 (Pierre),
1157 371 175 29 Propriétaire,
1340 371 59 23 villa
1412 370 34 24 La
1458 370 116 25 Tourelle.

901 437 120 22 Lisnard
1035 435 58 31 (M.],
1108 435 57 24 villa
1177 434 34 24 La
1224 434 102 24 Bastide.

901 503 71 22 Maël
987 501 107 30 (Pierre),
1110 501 100 24 Homme
1223 502 29 23 de
1265 503 95 26 lettres,
1374 501 58 23 villa
1446 501 111 23 Léonide.

901 541 118 23 Massier
1034 539 132 30 (Clément),
1182 540 95 23 Artiste
1288 540 106 28 peintre.

901 580 154 21 Michelant
1082 577 74 30 (M""),
1184 577 57 24 villa
1267 577 110 28 Blanche,
1412 577 127 24 boulevard
1574 577 29 24 de

931 607 170 24 Gaiines-Eden.

900 650 116 19 Moreau
1030 649 32 20 de
1077 649 38 20 La
1129 649 73 19 Tour
1217 646 39 28 (M.
1271 650 25 18 et
1310 646 65 29 M°"),
1386 645 59 23 villa
1461 645 142 24 Mandaliiia.

900 717 84 26 Ogier
998 715 106 29 (Victor),
1119 714 57 23 villa
1189 715 198 28 Pamplemousse.

901 754 136 23 Ottonfels
1051 752 48 31 (S"
1114 756 23 20 et
1149 752 63 23 B°«"
1231 752 41 30 d'),
1291 751 76 24 chalet
1382 751 72 24 Eden.

902 823 97 22 Rosati
1013 821 75 31 (M™'),
1102 821 58 23 villa
1173 821 42 23 des
1229 821 80 29 Roscs,
1323 824 67 20 route
1403 819 130 24 d'Antibes.

901 861 141 27 Reynaud
1056 860 86 30 (J.-A.),
1157 860 86 24 Maître
1265 866 41 17 aes
1327 860 109 29 requêtes
1459 865 30 17 au
1511 858 96 25 Conseil

931 895 88 26 d'Etat,
1034 898 67 19 route
1115 894 130 27 d'Antibes,
1260 893 56 24 villa
1330 893 124 23 Belvédère

901 971 198 28 Schulenburg
1113 970 90 31 (!>̃"),
1216 970 59 24 villa
1287 970 44 23 Les
1349 970 126 24 Cocotiers.

902 1045 205 22 Wassermann
1122 1043 58 29 (M.),
1197 1043 55 23 villa
1271 1043 174 24 Wassermaim.

725 1163 133 25 GRASSE
876 1160 46 29 (13
940 1159 36 30 If
992 1158 49 30 &)

901 1290 146 22 Navailles
1061 1289 119 21 Labatut
1194 1286 74 30 (V"
1282 1286 24 23 F.
1322 1286 47 29 de),
1384 1287 15 21 à
1414 1286 90 30 Siagne.

902 1363 85 21 Piver
1003 1360 37 29 (M.
1059 1360 95 28 Lucien)
1175 1360 45 30 [*,
1238 1363 24 19 et
1277 1359 48 23 M»'
1342 1360 41 22 née
1402 1358 71 24 Marie
1489 1358 118 30 Frosté],

932 1402 89 16 avenue
1034 1393 42 30 des
1090 1393 140 30 Capucines.

902 1476 140 27 Haynaud
1060 1474 55 30 (C.),
1133 1474 57 23 villa
1208 1474 29 23 de
1261 1474 33 23 La
1314 1473 155 29 Bellaudiére,
1493 1478 67 18 route
1574 1473 29 24 de

930 1509 83 23 Vence.

901 1549 166 21 Rothschild
1082 1546 62 30 (B"™*
1156 1546 74 30 .Alice
1244 1546 47 30 de),
1305 1546 58 23 villa
1377 1546 111 23 Victoria.

900 1628 322 27 Villeneuve-Esclapon
1250 1627 45 30 (C"
1321 1632 24 18 et
1371 1627 61 24 C1""
1468 1626 47 29 de),
1549 1625 57 23 villa

930 1661 29 24 La
973 1661 101 24 Rourée.

900 1928 125 16 .a.o.y
1167 1928 57 10 .a
1315 1928 46 10 n~

898 1976 101 27 Meyan
1022 1975 84 29 (Paul),
1134 1975 94 24 Homme
1246 1975 37 24 de
1316 1976 84 23 lettres
1430 1976 30 29 [et
1486 1974 47 24 M""
1561 1977 41 22 née

928 2009 145 29 Mitchell].

898 2069 105 21 Thiene
1018 2067 71 30 (C"1"
1103 2067 47 31 de),
1165 2068 57 23 villa
1237 2068 105 23 Isabelle.

898 2107 118 22 Torchio
1032 2104 36 31 (M.
1084 2105 57 31 dei),
1155 2106 58 23 villa
1227 2105 38 24 del
1279 2106 106 24 Torchio.

898 2170 111 22 ïvaren
1025 2169 74 30 (M~).
