1749 2481
1177 102 212 41 François-I"
1412 98 88 45 (rue)

354 105 316 42 François-Ponsard
689 103 88 44 (rue)

311 200 429 36 FRANÇOIS-PONSARD
760 198 80 35 (rue)

279 248 65 23 XVI'
354 249 53 21 Arr.
417 249 108 26 (Muette)
538 249 27 26 <-
576 247 123 23 Chaussée
714 246 28 22 de
751 246 24 22 la
784 246 94 21 Muette.

215 311 24 20 11
268 310 37 21 C'«
315 313 23 18 et
347 310 68 21 C1*1"
428 308 152 23 D'ARSIGNY
624 306 127 23 Huillard
761 306 155 27 d'Aignaux.

217 345 25 21 12
270 345 29 21 M.
311 347 23 18 et
343 345 51 20 M»'
408 344 89 22 Adrien
515 343 105 22 POLACK
673 341 123 23 Richard.
826 342 38 26 [1"
874 343 23 19 et
911 341 22 21 3"

836 370 97 27 Mardis]

394 457 271 35 FRANÇOIS-I"
680 456 81 35 (rue)

246 514 64 22 VIII*
320 515 51 20 Arr.
384 506 246 35 (Champs-Elysées).
640 513 28 21 <-
682 513 86 21 Avenue
781 511 99 26 d'Antin,
890 511 20 20 1.

419 547 25 20 ->
455 543 99 22 Avenue
565 543 27 21 de
603 543 91 25 l'Alma,
705 542 33 21 44.

334 578 133 21 Paroisse:
475 575 352 23 Saint-Pierre-de-Chaillot.

231 645 11 21 1
270 643 43 22 B"
323 645 23 19 et
361 643 64 21 B°°"
437 642 41 21 Ed.
494 648 34 16 DE
547 642 128 22 BASTARD
726 639 210 24 Rohan-Chabot.

272 678 38 22 C"
320 678 108 21 Fernand
439 683 31 14 DE
481 676 259 22 ROHAN-CHABOT.

272 712 32 22 M.
316 716 23 18 et
348 712 50 21 M»1
410 713 64 20 Léon
485 711 128 21 DELORME
662 711 154 27 Delapalme.

271 747 38 22 O
320 751 23 17 et
352 747 66 21 C'
434 741 132 27 PETITON
578 744 199 23 SAINT-MARS.

272 782 53 21 M1"
336 789 32 14 DE
378 782 127 22 ROSANBO
560 780 109 22 Baudon
680 780 29 21 de
718 780 86 28 Momj.

273 817 42 22 M"
325 821 23 18 et
358 816 51 22 M">
420 823 31 15 DE
463 815 163 24 ROSANBO:
639 815 88 23 Calon.

274 852 31 21 M.
317 853 27 20 A.
358 858 31 14 DE
400 850 201 23 SAINT-ANNE.

235 885 19 24 3
273 885 38 24 D'
330 885 228 24 LANNELONGUE.

237 920 17 23 6
271 920 35 23 M.
319 924 23 17 et
352 920 49 21 M–
413 920 29 21 H.
453 919 304 22 BOURUET-AUBERTOT
809 917 134 28 ilomberg.

280 956 52 21 M–
346 955 153 22 CARTERON
549 955 133 27 Valroger.

278 990 31 22 M.
330 991 127 26 Hippolyte
468 989 130 23 PERRET.

278 1025 32 21 M.
321 1028 23 18 et
354 1025 50 21 M–
415 1026 86 20 Ernest
511 1031 31 14 DE
552 1024 187 21 VALROGER:
752 1023 106 27 Crespel.

279 1060 33 21 M.
324 1061 90 21 Gaston
424 1065 33 16 DE
473 1059 180 23 VALROGER.

277 1095 34 27 M.
328 1095 51 27 Guy
395 1101 32 14 DE
438 1093 179 22 VALROGER.

241 1130 18 22 8
277 1130 54 22 Mm.
342 1129 127 22 BAUDON
486 1135 31 15 mi
527 1129 70 21 MONY
648 1128 134 22 Limairac.

242 1165 12 21 9
281 1164 67 22 C'
359 1163 147 23 FOUCHER
517 1170 30 15 de
558 1163 125 22 CAREIL:
698 1162 114 28 ViUjruy.
854 1161 92 27 (Mardi]

281 1200 38 21 C"
329 1199 149 22 FOUCHER
488 1205 31 15 DE
530 1198 124 22 CAREIL.

233 1236 22 21 «
284 1234 31 21 M.
328 1234 85 22 HANS
424 1239 33 16 DE
467 1233 248 22 BLEISCHRODER.

233 1271 25 20 12
285 1269 68 21 C'«–
385 1268 78 21 Raoul
499 1267 151 22 CHANDON
691 1274 32 14 DE
765 1265 150 23 BRIAILLES

310 1302 281 24 Clermont-Tonnerre.

235 1340 25 20 13
288 1338 67 22 C*
367 1337 98 22 Centule
475 1343 32 15 DE
518 1330 85 28 BÉARN
648 1336 137 27 Demachy.

285 1373 51 21 M»«
347 1371 130 23 DEMACHY
529 1371 81 21 Girod
619 1370 29 21 de
660 1371 73 21 l'Ain.

287 1407 31 21 M.
329 1410 23 18 et
362 1407 51 20 M™«
422 1406 90 21 Hobert
519 1405 130 22 DEMACHY
697 1406 37 20 De
745 1406 80 20 Lano.

234 1443 25 20 14
286 1440 32 21 M.
330 1444 23 17 et
362 1440 51 20 M»»
425 1439 65 21 René
502 1439 58 21 BIAN
602 1439 117 21 Chahert.
819 1438 133 27 [Mercredi]

285 1476 32 21 M.
328 1479 23 17 et
361 1475 50 20 M»'
421 1475 53 26 Guy
487 1481 30 14 DE
526 1473 218 26 FRANQUEVILLE
792 1473 74 21 Bian.
879 1472 74 27 [Tous

694 1505 36 20 les
739 1504 69 26 jours
819 1506 70 19 avant
898 1504 13 20 3
921 1503 32 27 h.]

286 1536 32 21 M.
329 1535 108 22 Edmond
448 1534 237 22 GOLDSCIIMIDT.
922 1537 12 9 `

288 1571 36 21 C««
341 1571 78 21 Hervé
435 1569 236 22 d'HUNOLSTEIN.

288 1605 36 22 O
336 1609 23 18 et
374 1605 66 22 CUl"
455 1605 81 21 Pierre
551 1610 32 16 DE
598 1604 155 22 LAUBESPIN
805 1604 123 26 Andiqné.

288 1641 31 22 M,
335 1644 23 18 et
368 1640 50 21 M"
432 1639 90 28 Joseph
536 1632 44 29 PAS
594 1632 44 29 TRÉ
686 1639 154 27 Meyronnet.

236 1677 26 23 16
287 1676 33 21 M.
330 1678 23 18 et
365 1675 50 21 M»'
427 1675 71 21 Louis
508 1680 31 15 DE
548 1673 137 22 NEUVILLE
733 1673 132 27 Peequart.

287 1710 41 21 VI.
345 1712 24 18 et
385 1709 70 21 V»""
474 1708 170 22 FORGEMOL
668 1714 31 15 de
722 1706 193 27 HOSQUENARD

293 1745 145 21 Gladstone.
455 1743 26 28 [3
494 1743 104 28 premiers
609 1742 130 21 mercredis
745 1743 28 20 de
780 1742 90 26 chaque
881 1742 76 26 mois].

291 1778 30 22 M.
333 1781 23 18 et
366 1778 50 21 M»«
426 1778 81 25 Roger
518 1783 32 15 DE
559 1776 261 22 MORLAINCOL'HT:
834 1776 125 27 Valroger

240 1815 24 20 17
294 1811 45 22 B°»
354 1811 30 22 et
399 1811 75 22 »•«••
489 1811 181 22 I.EVAVASSEUR
725 1811 98 26 Boury.

292 1848 42 20 B"
349 1850 22 17 et
387 1847 62 19 B™»"
464 1846 103 26 Jacques
583 1845 247 21 LEVAVASSEUR:
849 1844 81 22 Tillet.

241 1884 26 20 48
294 1881 29 21 M.
335 1885 22 17 et
369 1880 48 21 M–
427 1881 26 20 E.
467 1879 103 22 SENART
616 1879 123 22 Richard.
758 1879 80 26 (Merc.
851 1881 23 19 et
884 1878 74 26 Sam.]

242 1919 26 21 19
295 1917 29 21 M.
350 1919 22 18 et
394 1915 50 21 M»-
464 1915 82 20 Albert
561 1914 29 21 de
606 1908 316 27 BÉCAYS-LACAUSSADE

320 1950 58 27 Joli/
394 1950 29 22 de
439 1950 171 21 litimmevllle.

295 1986 37 22 C"
343 1988 23 18 et
375 1984 68 22 C1""
455 1984 87 20 Robert
553 1990 31 14 DE
596 1976 85 28 BRÉDA
727 1982 103 22 FrêzaU
844 1982 29 21 de
885 1982 77 21 Bour-

316 2014 78 31 Jaud.

296 2051 38 22 C"
349 2049 100 23 Antoine
466 2055 31 14 DE
515 2041 113 29 BREDA.

296 2086 31 21 M.
340 2088 23 18 et
372 2084 50 21 M"
433 2083 27 21 G.
472 2082 173 22 FEUILLOLEY
692 2082 118 21 PuUean.
831 2082 131 26 [Mercredi]

298 2121 31 21 M.
363 2122 23 18 et
408 2118 49 21 M".
482 2118 70 20 Aimé
576 2116 341 23 GROS-SCHLUMUERGER

323 2152 204 27 Sehlumberger.

299 2189 38 21 Cu
351 2191 22 17 et
384 2187 66 21 Cu"§
462 2186 114 26 François
591 2192 31 15 DE
639 2185 85 22 PANGE
778 2185 186 27 Motitesqucou.

326 2220 129 20 Fezensae.

301 2253 31 21 M.
344 2255 23 18 et
376 2251 50 21 M»"
439 2252 71 21 Louis
520 2250 160 23 THOMASSIN
732 2250 120 28 Feuillaley

1204 198 134 29 FRANÇOIS
1354 201 30 21 1"
1402 196 86 30 (suite)

984 246 23 20 21
1035 246 42 21 M"
1088 251 32 16 DE
1131 246 148 22 CHABERT
1290 245 134 22 d'ANSAC.

984 276 25 20 22
1036 276 50 20 M"
1097 276 83 21 Alfred
1189 275 142 22 DUBREUIL
1379 276 108 26 Pouyat.

1036 311 30 20 M.
1083 311 81 27 Henry
1175 311 167 21 DUBREUIL.

1036 345 32 22 M.
1097 348 23 19 et
1141 345 51 21 M-
1221 345 72 21 Henri
1321 344 342 23 SAINT-MARC-GIRARDIN

1062 380 135 22 Dubreu.il.
1615 378 85 28 [Jeudi]

985 415 26 21 23
1037 415 32 21 M.
1089 419 24 18 et
1130 415 52 21 M™
1201 415 106 21 Bernard
1325 419 31 17 DE
1374 407 157 29 BLANPRÉ:
1549 413 154 22 Bueaillede

1067 449 132 22 I.ittinière
1208 450 97 26 (p.-à-t.).

1038 485 49 20 M-
1099 484 99 22 Charles
1209 484 153 22 BUCAILLE
1371 490 32 15 DE
1414 479 182 26 LITTINIÈRE.
1607 483 94 28 [Vend.]

1040 519 36 22 M.
1093 522 23 19 et
1130 519 51 22 M-
1197 519 88 22 Lucien
1296 518 177 22 CARTERON.

1041 554 43 21 B"
1093 557 24 18 et
1127 554 64 21 B™~
1202 560 32 15 DE
1250 552 230 23 SAINT-JOSEPH:
1495 553 91 21 Rohan
1598 552 106 22 Chabot.

1393 583 105 27 [Samedi
1508 585 69 25 après
1586 584 14 20 5
1608 583 94 27 heures]

990 620 26 22 24
1042 620 31 21 M.
1085 623 23 19 et
1118 619 51 22 M»"
1180 620 27 21 A.
1219 618 128 23 BIELECKI
1391 618 168 22 Saint-Genez.
1591 617 112 27 [Samedi|

1042 655 32 21 M.
1087 658 23 18 et
1120 654 50 21 M»-
1186 654 105 21 Maurice
1306 653 117 21 DUTREIL
1475 652 176 28 Warenghien.

1043 690 32 21 M.
1091 691 23 20 et
1129 689 50 21 M»«
1194 689 76 26 Rémy
1282 688 181 21 SALVATOR:
1479 688 72 27 Pouy
1565 687 30 21 de
1608 688 59 21 Bat.

992 724 26 23 25
1045 724 31 20 M.
1087 727 22 18 et
1120 723 51 21 M»«
1181 723 107 21 Maurice
1299 722 94 22 BISSON
1436 723 98 20 J'eetor.

1047 759 37 21 C"
1095 762 22 18 et
1128 758 67 22 C""°
1207 764 32 15 de
1250 757 119 22 GIRONDE
1417 757 154 27 Çagarriga.

1047 793 42 21 B"
1103 792 96 22 Walter
1212 798 33 16 DE
1258 791 142 23 WANGEN
1421 797 32 17 DE
1466 785 215 28 GÉROLDSECK.

994 829 26 21 26
1045 828 136 22 M.Nicolas
1196 820 248 29 PÉTROCOCHINO.

995 864 26 21 28
1048 863 67 21 C1""
1126 868 32 15 DE
1168 862 187 22 GALLIFFET:
1367 862 105 21 Stevens.
1616 860 92 28 [Mardi]

996 898 26 21 30
1048 897 51 21 M»>
1108 897 81 21 Pierre
1199 896 129 22 MANTIN.

997 933 22 21 31
1048 932 53 22 M"«
1119 938 33 15 DE
1171 931 40 22 LA
1231 930 260 23 TOUR-MAUBOURG
1553 931 108 20 Perrien
1682 930 30 21 de

1076 963 107 21 Crenan.

1049 997 32 20 M.
1093 997 108 26 Georges
1210 996 138 22 MANUEL.

1051 1033 41 20 B"
1107 1035 23 18 et
1148 1032 64 20 B««
1226 1031 59 21 Jean
1300 1037 32 15 DE
1347 1030 205 26 MONTESQUIEU
1607 1030 106 22 Perrien

1076 1067 30 21 de
1115 1066 111 22 Crenan.

1053 1102 38 20 V
1107 1101 105 21 Gustave
1228 1107 31 14 DE
1275 1100 135 21 PERRIEN
1426 1106 31 15 DE
1478 1099 133 21 CRENAN.

1052 1135 31 21 M.
1095 1138 23 19 et
1127 1135 50 21 M»«
1187 1135 106 21 Maurice
1300 1135 136 25 QUENTIN
1447 1134 147 22 BAUCHART
1645 1133 72 22 Cam-

1079 1164 103 23 bronne.

1001 1201 25 20 32
1054 1200 38 22 C"
1103 1203 22 18 et
1133 1200 67 21 C"
1210 1206 33 15 DE
1254 1199 85 22 PANGE
1391 1200 39 20 La
1439 1199 200 26 Roehe-Aymon.

1002 1235 25 22 34
1055 1234 37 23 C'
1103 1237 23 19 et
1135 1234 69 22 C""«
1214 1234 115 27 Geoffroy
1339 1240 32 15 DE
1381 1227 96 28 RUILLÉ
1522 1233 134 27 Bordigne.

1054 1270 41 21 V>«
1106 1270 132 21 Guillaume
1249 1276 32 14 DE
1291 1262 120 28 RUILLÉ.

1003 1307 25 20 33
1055 1305 34 21 M.
1107 1308 23 18 et
1139 1305 51 21 M™
1201 1305 99 21 Chartes
1310 1309 32 16 DE
1358 1303 181 22 BAUDREUIL
1559 1308 32 16 DE
1608 1302 111 22 FONTE-

1082 1339 50 22 NAY
1182 1339 111 21 d'Astier
1302 1338 28 21 de
1339 1338 26 22 la
1379 1338 104 27 Vigerie.

1057 1374 30 21 M.
1099 1377 23 19 et
1132 1374 50 21 M"'
1193 1375 80 21 Pierre
1288 1380 32 15 DE
1333 1373 102 22 SEYNES
1485 1373 101 21 Thuret.

1057 1409 30 21 M.
1099 1412 23 19 et
1132 1409 50 21 M»«
1193 1409 83 22 Daniel
1287 1408 106 22 THURET
1440 1407 157 23 Berckheim.

1057 1444 31 21 M.
1104 1444 80 21 Pierre
1194 1443 135 21 TIIURET.

1007 1481 24 20 37
1059 1480 43 20 B"
1116 1481 23 19 et
1149 1479 64 20 B«"
1225 1478 116 21 Maxence
1352 1478 37 21 LE
1399 1477 106 22 FEBVRE
1555 1476 138 28 Vaugelas.

1059 1513 30 21 M.
1106 1513 139 21 Emmanuel
1257 1519 31 15 DE
1299 1512 99 22 LOISY.

1059 1548 37 21 C«>
1111 1552 22 17 et
1143 1548 66 21 C1""
1221 1554 32 15 DE
1265 1547 114 22 PONCINS
1429 1547 115 22 Orléans.

1008 1583 26 22 38
1060 1582 66 22 B""«
1136 1588 33 16 DE
1179 1581 210 23 GUILLERVILLE
1435 1581 83 23 Coltu.

1059 1617 32 22 M.
1104 1620 22 18 ct
1140 1617 50 20 M»-
1206 1617 89 21 Marcel
1305 1617 41 20 LA
1361 1616 83 22 SALLE
1490 1615 91 28 Ayliés.

1060 1652 32 21 M.
1104 1655 23 18 et
1137 1652 50 20 M»'
1197 1652 60 21 Jean
1269 1650 198 22 DEMARCILLAC
1515 1649 91 28 Ayliès.

1009 1688 25 21 39
1060 1686 42 21 M"
1113 1689 22 18 et
1145 1686 53 20 M"«
1208 1692 33 14 DU
1256 1680 105 27 DOUËT
1373 1690 32 15 DE
1420 1683 172 22 GRAVII.I.E:
1604 1682 38 21 La
1656 1682 55 21 Bon

1087 1720 82 18 treeee.
1608 1713 105 27 [Samedi

1062 1751 30 22 M.
1105 1751 111 22 Frédéric
1227 1749 212 23 IIALINBOURG.

1062 1785 46 21 Mm.
1123 1785 31 21 M.
1168 1784 160 22 LOMBARD.

1062 1820 32 21 M.
1106 1820 79 20 André
1202 1818 159 21 LOMBARD.

1011 1855 23 21 41
1064 1853 37 22 C"
1112 1856 23 18 et
1145 1853 67 21 C'
1224 1859 32 15 DE
1267 1852 164 22 CHASSEVAL
1481 1852 130 21 Goulaine.

1064 1888 36 21 yt.
1112 1888 24 21 et
1147 1887 72 22 V">–
1231 1887 71 21 Henri
1313 1893 32 14 DE
1360 1886 183 22 COURTIVRON
1592 1886 90 26 Flury.

1065 1923 51 21 M»"
1132 1923 62 20 Léon
1206 1922 86 21 FLURY
1337 1921 98 22 Madre.

1066 1949 41 21 M"
1118 1951 22 18 et
1151 1948 51 21 M>"
1214 1948 17 21 d
1248 1948 102 21 ORNANO
1395 1948 115 21 Aehiltas
1520 1946 173 29 Achillopulo.

1065 1983 32 21 M.
1114 1982 104 21 Richard
1232 1982 227 21 WADDINGTON.

1014 2020 26 20 44
1066 2018 41 21 V"
1121 2020 24 18 et
1159 2017 70 22 V'
1244 2016 129 22 d'AINVAL
1422 2018 156 21 Nétumiérel
1593 2015 98 29 (p.-à-t.).

1067 2052 38 22 p..
1115 2051 88 22 etP""
1213 2051 117 27 Augustin
1337 2057 32 16 DE
1376 2049 116 27 BROGLIE
1508 2049 100 27 REVEL:
1624 2049 83 27 Hespe

1094 2082 90 27 (P-à-t.)

1067 2117 49 21 M""
1132 2117 33 21 dk
1181 2116 184 22 COURMONT.

1070 2151 37 22 Ct.
1124 2154 23 19 et
1163 2151 68 22 C"–
1247 2151 144 22 D'IIESPEL
1413 2149 231 24 DÏIARPONVILLE

1095 2181 46 22 Bai
1156 2181 31 22 de
1198 2182 148 21 Courmont.
1597 2179 116 28 [Vendred

1071 2215 37 22 C"
1119 2219 23 18 et
1153 2216 66 21 C'
1231 2217 72 21 Henri
1315 2222 45 16 des
1375 2209 180 29 NÉTUMIÈRES
1610 2215 100 27 Goure;/

1073 2250 36 22 C"
1131 2251 78 21 Pierre
1226 2246 53 27 des
1296 2246 194 27 NÉTUMIKRES.
