1749 2481
416 100 154 30 MENTON
700 96 356 31 ALPES-MARITIMES
1184 96 157 30 MENTON

358 233 124 35 LISTE
507 221 349 50 ALPHABÉTIQUE
885 221 235 44 GÉNÉRALE
1155 230 80 34 DES
1277 230 123 35 NOMS

720 320 145 26 MENTON
886 317 33 31 (S
935 317 49 31 fe=
1002 316 48 30 M)

147 438 129 22 Abounza
293 435 70 30 (C"
379 434 41 29 d'),
434 436 38 27 26,
487 441 42 16 rue
547 434 176 23 Partouneaux.

147 476 109 22 Alberti
272 474 92 31 (C1""),
383 475 28 28 êfe
433 472 95 24 Gorbia.

147 512 104 31 Alberti
265 512 44 31 (C"
323 512 134 31 Gabriel),
471 512 44 31 jês
548 510 30 24 de
602 510 100 28 Gorbio,
716 510 28 28 1,
768 516 89 16 avenue

176 551 167 25 Félix-Faure.1

146 592 98 22 Albini
255 590 85 30 (Paul),
350 590 108 28 Notaire,
471 589 136 28 Conseiller
620 589 136 28 municipal,
768 594 89 17 avenue

176 625 88 28 Carnot,
276 625 63 28 villa
357 625 81 23 Caria.

146 667 237 28 Anguille-Dame
399 663 90 30 (C'),
504 669 89 18 avenue
603 662 29 23 de
647 661 23 24 la
684 660 69 24 Gare.

147 748 154 30 Dariquant
318 745 56 31 (M™
393 745 46 31 E.),
458 746 57 23 villa
535 746 32 23 Le
586 743 117 29 Paradou,
727 742 129 25 boulevard

176 785 118 26 Garavan.

146 825 168 25 Bernardini
329 822 100 31 (J.-B.),
441 822 88 31 Avocat,
551 829 44 17 rue
609 822 29 23 de
656 822 22 23 la
697 821 158 31 République,

174 864 27 23 M.
214 864 68 23 Otto.

147 905 108 26 Bignon
284 901 143 31 (Stanislas),
458 900 136 25 Conseiller
621 900 143 28 Municipal,
800 898 58 25 villa

175 941 99 30 Bignon,
286 940 146 31 promenade
446 939 31 24 du
488 939 42 23 Val
546 939 29 24 de
589 938 105 24 Menton.

147 981 105 23 Biovès
273 978 38 31 (M.
333 983 24 19 et
374 978 47 23 M–
443 972 94 36 Emile),
557 978 136 24 Conseiller
713 976 142 30 Municipal,

174 1018 58 24 villa
242 1017 91 28 Biovès,
349 1024 89 17 avenue
453 1016 97 24 Carnot.

146 1058 104 22 Biovès
264 1056 153 30 (Lieutenant
430 1059 24 19 et
469 1054 66 31 M°">),
550 1055 106 31 pavillon
670 1054 120 23 Miramar.

145 1097 149 22 Bouchard
309 1095 127 29 (Docteur).

146 1136 123 22 Bourbel
284 1133 42 30 (Mr
340 1133 42 30 and
398 1132 38 24 MI
461 1133 72 24 Raoul
554 1133 49 29 de),
617 1133 58 23 villa
695 1131 160 25 Anna-Maria.

146 1225 127 22 Carville
287 1223 57 30 (M°"
358 1223 91 31 veuve),
463 1225 39 27 23,
516 1230 44 17 rue
573 1223 178 23 Partouneaux.

146 1263 217 23 Casa-Miranda
374 1262 70 29 ((>•"
459 1262 43 30 de)
516 1262 174 30 [néeNilson],
704 1262 29 30 j&
752 1261 103 31 Villaya.

175 1297 226 24 Menton-Caravan.

147 1337 263 22 Choiseul-Praslin
430 1335 66 30 (D""
510 1335 37 31 de)
568 1335 51 31 [née
637 1335 126 31 Forbes],
779 1335 79 23 chalet

176 1370 99 27 Bosano,
291 1370 94 22 chemin
400 1370 27 23 de
442 1370 174 23 Sainte-Anne.

147 1410 264 22 Choiseul-Praslin
422 1409 58 28 (Duc
494 1408 95 24 Gabriel
604 1409 47 28 de),
660 1409 77 23 même
751 1408 104 23 adresse.

147 1449 263 23 Cholseul-Praslin
425 1448 43 29 (Cu
481 1447 109 31 Raynald
604 1448 49 28 de),
664 1448 76 23 même
750 1447 106 25 adresse.

146 1487 142 30 Choquait
305 1486 67 30 (B""),
387 1487 37 28 38,
440 1494 42 15 rue
496 1486 178 23 Partouneaux.

146 1526 85 22 Croiu
245 1525 39 29 (D'
297 1524 48 30 V.),
360 1531 42 16 rue
416 1524 29 23 de
456 1524 23 24 la
492 1524 155 32 République.

145 1612 117 22 Dalmas
277 1610 44 31 (C"
337 1610 123 31 Raymond
474 1610 37 29 de)
527 1611 33 31 [et
575 1610 62 24 C"
661 1611 41 22 née
725 1610 30 24 de
769 1612 87 26 Quin-

175 1644 105 31 sonas],
295 1644 59 24 villa
366 1645 104 29 Dalmas,
486 1652 89 16 avenue
588 1644 166 24 Félix-Faure.

146 1686 65 21 Diot
228 1684 96 29 (Albert)
342 1684 32 30 [et
387 1683 47 24 M""
449 1686 42 22 née
510 1684 89 24 Jeanne
616 1683 170 30 Bourgaud],
801 1683 58 24 villa

174 1723 100 23 Trenca.

147 1763 109 22 Dufour
273 1761 38 30 (M.
327 1766 23 18 et
363 1761 66 30 Mm°),
444 1761 59 23 villa
516 1761 109 31 Higaudi.

146 1848 104 23 Farina
265 1846 36 30 (Dr
313 1846 24 30 et
353 1846 47 24 M°"
415 1847 75 29 Paul),
506 1849 36 26 H,
557 1855 89 15 avenue
660 1846 158 24 Félix-Faure.

147 1887 124 23 Fontana
289 1885 52 30 (F.),
357 1886 76 23 Maire
445 1886 29 23 de
491 1886 104 27 Menton,
607 1892 42 16 rue
663 1886 81 23 Prato.

147 1918 119 30 Fornari
280 1924 38 29 (I)'
333 1923 74 30 Jean),
423 1924 54 31 quai
492 1924 28 23 de
534 1924 116 23 Monléon.

147 1965 132 22 Foucher
292 1964 33 21 de
339 1964 91 22 Careil
446 1963 90 29 (C'),
550 1963 30 30 #,
595 1963 60 30 [née
672 1962 30 23 de
715 1963 142 31 Vilgruy],

184 2000 28 26 ife
222 1997 31 23 de
266 1997 161 24 Saint-Louis.

147 2038 129 22 Foucher
291 2037 32 23 de
339 2038 91 22 Careil
446 2037 63 29 ((?•),
525 2038 75 22 même
614 2036 104 24 adresse.

148 2124 116 22 Galbert
279 2122 46 28 (V-
340 2122 38 29 de)
394 2122 32 30 [et
439 2123 64 23 V1""
518 2124 42 22 née
574 2122 30 24 de
627 2122 153 30 Monlèon],
802 2122 57 24 villa

178 2154 121 29 Jlathilde,
316 2163 42 16 rue
372 2157 173 23 Partouneaux.

149 2195 125 26 Galéani,
298 2194 87 25 Consul
400 2197 31 22 du
444 2195 127 31 Portugal,
587 2202 89 17 avenue
688 2195 97 30 Carnot,
800 2195 58 24 villa

177 2228 105 24 Galéani.

910 428 126 25 Gastaldi
1052 429 90 31 (Jules),
1157 430 57 23 villa
1229 430 116 24 Gastaldi.

911 469 124 22 Gastaldi
1051 468 98 31 (Henri),
1164 469 58 23 villa
1233 469 82 23 Anaïs.

910 552 131 28 Jauffret,
1058 550 147 29 Architecte,
1222 558 43 16 rue
1282 551 167 24 Saint-Michel.

909 634 137 23 Landelle
1056 632 124 31 (Charles),
1229 633 87 30 Artiste
1328 633 100 30 peintre,
1440 633 62 30 villa
1516 633 100 25 Charles

939 667 120 24 Landelle.

910 708 37 21 Le
961 707 56 23 Bas
1032 709 33 21 de
1075 707 156 23 Courmont
1249 706 78 31 (Jules)
1342 707 32 31 [et
1384 707 47 23 M"*
1446 709 43 22 née
1498 710 82 21 Ethis
1590 709 32 23 de

940 745 113 31 Corny],
1069 744 58 24 villa
1139 745 120 26 Palmosa,
1273 752 42 17 rue
1329 745 52 25 Paul
1394 745 118 25 Morillot.

909 824 127 23 Malartic
1051 823 44 29 (C«<
1109 827 25 19 et
1147 822 63 24 C'
1224 823 48 29 de),
1283 823 56 31 quai
1352 824 30 23 de
1396 823 117 25 Garavau.

908 863 72 22 Mari
994 861 46 30 (M"
1053 861 48 30 de),
1116 861 57 24 villa
1186 862 111 26 Gentille.
1311 863 107 29 quartier
1431 862 117 24 Garavan.

909 901 121 24 Maturié
1044 901 56 28 (Dr),
1116 907 41 18 rue
1171 901 172 28 Patouraeaux,
1358 902 57 23 villa
1429 902 115 31 Villarey.

909 942 114 21 Mavros
1039 939 71 30 (C1""
1125 939 117 31 Pauline),
1250 938 58 25 villa
1323 939 192 30 Perle-Blanche,
1528 948 92 17 avenue

939 973 98 24 Carnot.

909 1015 98 22 Mazau
1022 1012 45 29 (M"
1080 1012 49 31 de),
1139 1013 58 23 villa
1209 1012 125 28 Laurenti,
1348 1020 42 16 rue
1404 1012 178 25 Partouiieaux.

909 1052 134 23 Monléon
1058 1051 44 30 (M»
1121 1052 48 29 de),
1185 1053 134 23 Conseiller
1336 1053 143 29 Municipal,
1496 1054 21 27 1,
1532 1060 44 16 rue
1589 1053 31 23 de

939 1085 66 24 Bréa.

909 1127 195 26 Montgomery
1125 1124 55 29 (M™
1201 1124 101 31 Georges
1322 1124 47 31 de),
1392 1127 42 21 née
1454 1128 84 25 Ditte,
1561 1126 60 23 villa

938 1158 140 24 d'Aréthuse
1093 1159 56 30 [I],
1172 1163 34 21 £3
1225 1159 257 32 Cabbe-Roquebrune,
1496 1160 38 31 j^=
1557 1160 63 30 Cap-

939 1193 93 28 Martin,
1046 1195 39 27 gjg
1099 1193 103 24 Menton.

909 1235 126 21 Morillot
1058 1232 56 30 (M"*
1129 1232 75 30 l'aul),
1228 1232 57 24 villa
1307 1232 150 32 Marguerite,
1474 1233 63 23 boni,
1553 1233 29 23 de
1598 1234 24 22 la

939 1266 106 25 Madone.

910 1340 50 24 ;\oi
972 1340 75 24 refont
1059 1340 25 24 ai
1096 1340 25 24 ne
1143 1340 46 30 (B°°
1204 1340 48 30 de),
1267 1341 58 23 villa
1335 1341 41 23 des
1390 1340 125 29 Palmiers,
1531 1348 91 17 avenue

940 1374 157 24 Félix-Faure.

911 1414 80 23 Nolte
1007 1412 37 30 (M.
1060 1413 97 29 Robert)
1173 1413 32 31 [et
1231 1413 48 23 M""
1294 1414 42 22 née
1360 1416 109 21 Sanson
1483 1413 30 23 de
1528 1416 92 22 Lava-

940 1447 159 31 lasquerie],
1115 1448 58 23 villa
1186 1448 102 24 Andréa.

911 1526 163 29 Quinsonas
1089 1525 45 31 (C'°
1150 1529 24 20 et
1188 1525 62 24 C*
1264 1525 27 24 E.
1306 1525 48 32 de),
1372 1525 58 24 villa
1442 1525 135 30 Joséphine.

911 1564 160 25 Quinsonas
1087 1563 44 30 (©•
1148 1568 23 19 et
1185 1563 62 23 C"1"
1262 1564 71 23 Henri
1354 1564 37 30 de)
1409 1564 50 31 [née
1483 1563 29 23 de
1535 1563 87 31 Biré],

942 1597 60 23 villa
1014 1597 72 23 Prato.

911 1667 124 28 Rayneri
1052 1666 38 31 (M.
1103 1668 48 28 H.),
1167 1668 156 24 Vice-Consul
1332 1667 27 30 it
1372 1667 216 30 Autriche-Hongrie
1599 1669 23 21 et

940 1706 104 29 d'Italie,
1060 1708 22 25 5,
1098 1713 43 16 rue
1155 1707 29 23 de
1199 1707 65 22 Brea.

911 1746 108 22 Ribaud
1035 1745 147 30 (Théobald),
1199 1746 133 24 Conseiller
1346 1745 142 28 municipal,
1504 1750 19 17 r.
1541 1744 80 24 Prato.

912 1831 253 28 Stanley-Rendall
1180 1832 39 28 (Dr
1232 1832 26 28 et
1275 1830 67 28 M""),
1359 1829 58 25 villa
1436 1829 45 25 Les
1498 1830 124 25 Palmiers.

911 1868 90 29 Stiege
1015 1870 76 29 (M-),
1107 1870 59 23 villa
1181 1869 29 23 de
1223 1868 132 30 Villarey.

912 1952 133 27 Tersling
1065 1950 36 29 (M.
1125 1953 24 19 et
1167 1949 46 23 M»'
1238 1948 121 32 Genrges),
1381 1950 146 29 Architecte,
1555 1950 69 24 Vice-

943 1984 89 24 Consul
1054 1985 41 23 des
1112 1984 130 30 l'ays-Bas,
1257 1984 57 23 villa
1328 1984 44 23 Les
1391 1983 158 29 Citronniers,
1567 1991 56 16 ave-

943 2026 44 16 nue
1001 2018 165 24 Félix-Faure.

912 2089 130 27 Villeroy
1057 2087 38 29 (11.
1111 2091 24 19 et
1148 2087 48 23 M»«
1209 2088 48 29 de),
1272 2087 58 23 villa
1345 2087 143 22 d'Aréthilse
1503 2087 9 28 (
1521 2087 37 28 Ji),
1582 2091 33 21 Ri

941 2122 258 29 Oabbé-Uoquebrune,
1218 2123 36 30 Jp
1273 2121 154 31 Cap-Martin,
1446 2121 40 26 ëgt
1501 2121 104 24 Menton.

912 2196 184 22 Wentworth
1107 2196 40 29 (Le
1155 2195 127 29 Capitaine
1292 2199 24 19 et
1326 2194 59 30 M™'),
1396 2194 59 30 villa
1469 2194 151 24 Woodhouse

941 2230 155 28 Wentworth,
1112 2237 29 16 au
1157 2230 150 29 Cap-Martin.
