1749 2481
508 95 73 31 ZAF

1273 96 72 30 ZYL

627 2034 190 31 ADRESSES
842 2027 374 37 COMPLÉMENTAIRES

188 658 195 29 ZAFIROPULO,
399 661 42 22 née
455 658 147 25 PSYCHARI
618 659 57 30 (M""
685 659 113 30 Etienne),
810 659 37 30 19,
858 666 42 16 rue

219 694 29 24 de
262 695 106 22 Téhéran
384 694 79 30 (vin*).

188 728 297 31 ZAHAROFF(Basil),il,
495 735 89 18 avenue
591 728 80 24 Hoche
678 729 69 29 (vm«)
757 728 141 31 [1532.21].

187 763 153 24 ZAKARIAN
361 763 260 30 (Zacharie-Grégoire),
685 763 34 30 [et
739 763 48 23 M»-
808 764 43 22 née
871 763 30 23 de

217 793 141 36 PITOËFF],
372 799 38 28 91,
419 805 42 16 rue
471 797 108 31 Jouffroy
594 799 77 29 (xvu«)
726 801 24 20 et
759 798 38 28 62,
813 804 42 16 rue
870 797 29 23 de

218 833 61 28 Rome
294 833 91 28 (vnr).
845 833 55 23 UA

187 866 160 24 ZAMOYSKA
365 866 89 31 (O»),
468 868 23 28 6,
511 866 55 32 quai
580 866 123 24 d'Orléans
719 867 61 30 (iv).

189 901 151 24 ZAMOYSKI
354 901 44 30 (C"
412 901 128 31 Ladislas),
556 902 76 23 même
647 902 102 23 adresse.

189 935 251 25 ZANGARUSSIANO
455 936 60 31 (M«
535 936 122 31 Georges),
679 937 42 22 née
731 931 166 32 PSOMADÈS,

217 971 37 28 20,
271 978 42 16 rue
327 971 29 23 de
369 971 165 30 Longchamps
544 973 65 28 (xvi")
624 971 34 30 [35
668 971 92 30 692.14]
818 975 24 19 et
863 973 34 26 17,

219 1013 42 16 rue
275 1006 31 23 du
324 1005 87 28 Palais,
431 1008 15 20 à
462 1005 52 31 Nice
527 1005 237 31 .(Alpes-Martimes).

188 1040 107 28 ZARINE,
310 1040 123 28 Consulde
442 1040 136 29 Russie,
586 1042 21 28 3,
615 1047 89 17 avenue
712 1040 98 23 d'Antin
818 1040 78 29 (vin*).

781 1071 118 23 CF-UA

189 1100 191 25 ZBYSZEWSKI
394 1101 44 31 (Cl<
454 1100 125 31 Ladislas),
599 1102 93 23 Ancien
717 1101 102 29 Officier
833 1102 67 28 supé-

217 1136 71 23 rieur
301 1135 29 24 de
344 1136 24 23 la
383 1136 94 23 Marine
496 1136 130 28 Impériale
639 1135 79 27 Russe
733 1135 32 31 [et
779 1135 62 23 C"
856 1136 42 22 née

215 1170 33 31 de
264 1170 168 31 BYJEWSKA],
448 1172 21 27 1,
480 1170 131 24 boulevard
619 1171 145 29 Beauséjour
779 1170 66 30 (xvi°)
863 1170 31 32 [3=

216 1205 91 30 531.31]
378 1209 24 19 et
419 1207 14 21 à
454 1205 127 28 Mainville,
605 1209 33 22 El
658 1204 94 24 Draveil
773 1204 126 30 (Seine-et-

217 1239 72 31 Oise).

186 1269 76 29 ZÉDÉ
276 1274 113 31 (Général
405 1274 117 31 Charles),
539 1273 28 25 G.
583 1274 27 24 0.
677 1274 33 31 [et
722 1273 49 24 M™
785 1275 42 22 née
841 1274 58 23 Lau-

213 1316 73 18 rence
299 1309 101 25 DUPUY
409 1309 30 24 de
449 1309 97 30 LOME],
558 1311 52 27 314,
618 1315 43 17 rue
673 1306 167 26 Samt-Honoré
852 1309 45 29 (i")

261 1348 24 19 et
297 1343 66 24 Villa
376 1343 154 29 Costebrune,
551 1347 33 22 Si
604 1343 32 23 La
650 1342 77 25 Garde
745 1343 72 29 (Var).

187 1379 113 23 ZELLER
315 1378 82 29 (J-S.),
421 1378 26 24 C.
471 1379 36 27 #,
532 1377 102 25 Membre
651 1377 34 25 de
707 1378 129 27 l'Institut,
859 1378 37 26 53,

217 1413 130 23 boulevard
363 1412 179 31 Montmorency
564 1412 30 30 (9,
616 1419 89 16 avenue
726 1411 41 23 des
789 1411 108 29 Tilleuls)

218 1448 77 28 (ITI-).

187 1481 116 25 ZELLER
321 1480 181 26 d'OOSTHOVE
517 1480 87 32 (Roger
617 1481 66 29 van),
694 1482 22 28 3,
727 1480 42 24 rue
783 1480 114 24 Boccador

217 1520 71 25 (vin*)
353 1517 29 27 à
404 1515 28 24 de
447 1515 156 31 Bambecque,
623 1519 33 22 33
669 1515 36 31 Jj=
723 1514 175 31 Wardrecques

216 1550 210 31 (Pas-de-Calais),
449 1548 40 28 nM
512 1549 36 33 [N]
565 1549 332 32 Bambecque-Racquiughem

257 1588 25 21 et
295 1585 69 24 Hotel
380 1584 141 28 West-End,
536 1585 13 24 à
562 1585 67 24 Nice.
870 1585 27 23 H

186 1619 163 29 ZELTENER,
365 1621 43 22 née
423 1618 177 26 SANDERSON
612 1619 71 31 (V«–
697 1618 48 31 de),
760 1621 37 27 87,
812 1627 43 16 rue
869 1618 29 24 de

215 1654 151 31 Tocqueville
381 1655 86 29 (xvn°).

186 1688 74 24 ZENS
275 1689 93 30 (P.-M.),
437 1688 135 32 Ingénieur
588 1689 31 31 [et
629 1688 47 24 M»'
691 1690 41 22 née
748 1688 148 31 GILLARD],

215 1724 23 27 3,
266 1730 43 16 rue
327 1723 34 23 La
379 1723 80 24 Boétie
475 1724 70 30 (vin«)
563 1723 31 30 [I
608 1723 92 30 281.02]
759 1727 23 19 et
796 1723 58 23 villa
867 1723 30 23 de

217 1757 105 24 Stavelot
338 1757 137 32 (Belgique).

185 1791 73 24 ZENS
275 1792 111 30 (Ernest),
404 1793 87 22 mêmes
505 1791 117 23 adresses.
783 1791 114 23 AC-AE

186 1826 74 25 ZENS
275 1826 101 30 (Albert)
392 1827 36 31 [et
440 1827 36 31 M"-
494 1825 41 24 née
548 1825 109 24 Mathilde
675 1824 118 32 CUMONTJ,
807 1824 29 32 4,
850 1824 44 32 rue

215 1860 154 25 Cambacérès
387 1861 69 29 (vin')
475 1860 31 31 [I
521 1860 92 30 224.28]
672 1861 24 27 et
708 1861 24 27 {&
742 1859 29 23 de
782 1859 114 28 Stavelot,

219 1895 21 31 S
261 1895 42 31 |p
324 1895 21 31 ï
366 1895 42 31 lg
429 1894 104 24 Stavelot
548 1894 140 32 (Belgique).

912 479 33 43 z

953 660 93 24 ZENTZ
1061 659 142 31 d'ALNOIS,
1212 661 128 30 Capitaine
1354 662 167 23 commandant
1529 668 31 17 au
1574 662 26 24 S'
1613 662 52 24 Dra-

982 702 68 24 gons,
1066 696 14 23 à
1090 695 97 25 Nantes
1203 695 16 25 –
1230 700 24 18 et
1268 698 13 21 9
1296 696 47 28 bis,
1361 703 41 17 rue
1421 696 128 30 Legendre.
1612 698 56 22 RR

953 729 106 24 ZIEGER
1084 729 124 30 (Charles),
1226 731 37 29 #,
1278 731 38 28 75,
1330 737 43 16 rue
1387 730 29 23 de
1435 730 133 25 Courcelles
1584 733 82 29 (vm«).

1611 767 57 23 UA

953 798 154 30 ZIEGESAR,
1122 801 42 21 uée
1184 799 143 25 LARDNER
1347 800 71 30 (B«™
1441 800 48 31 de),
1514 802 36 27 18,
1575 809 92 16 avenue

983 834 87 24 Kléber
1086 835 76 29 (xvi").

953 868 109 24 ZIZINIA
1099 869 41 29 (C'«
1169 863 122 36 Etienne),
1318 869 154 30 Red-Ilouse,
1500 870 165 30 San-Stefano,

981 903 144 25 Alexandrie
1136 904 119 32 (Egypte).

952 937 109 25 ZIZINIA
1075 938 84 30 (Jean),
1175 939 76 23 même
1266 938 102 24 adresse.

952 973 115 24 ZOGHEB
1092 973 43 29 (C"
1158 972 98 25 Charles
1279 973 38 29 de)
1342 974 32 30 [et
1393 974 61 24 C1""
1482 975 43 23 née
1555 975 107 30 RALLI],

980 1009 39 27 70,
1033 1015 43 16 rue
1095 1007 29 24 de
1135 1008 23 23 la
1171 1007 154 24 Faisanderie
1340 1009 77 30 (xvi").
1641 1011 23 22 T

952 1042 115 24 ZOGHEB
1084 1042 147 31 (C"Georges
1247 1043 35 28 de)
1309 1043 33 32 [et
1356 1042 62 24 C'»"
1435 1044 42 22 née
1493 1043 128 31 SINANOJ,
1637 1046 23 26 5,

980 1085 43 16 rue
1037 1077 87 23 Alboni
1140 1078 67 30 (xvi-)
1224 1076 33 32 [S
1274 1077 91 30 682.43]
1427 1082 24 19 et
1466 1080 28 28 &
1516 1078 29 23 de
1561 1079 23 23 la
1597 1078 67 23 Com-

980 1111 132 29 manderie,
1129 1110 36 32 121
1177 1110 24 32 ^=
1213 1110 24 32 7.
1251 1111 36 24 Vis
1299 1111 36 24 le-
1347 1111 48 24 Adam
1414 1111 191 31 (Seine-et-Oise).
1613 1113 53 23 AC

951 1145 116 25 ZOGHEB
1090 1146 45 27 (V"
1157 1146 98 31 Jacques
1273 1146 38 31 de)
1334 1146 32 31 [et
1385 1146 65 24 V4""
1472 1148 42 23 née
1534 1147 130 31 SINANO],

980 1181 90 23 mêmes
1090 1181 116 23 adresses.

951 1219 176 25 ZOGRAPHOS
1147 1220 37 29 (M.
1201 1224 24 19 et
1237 1220 49 23 M-*
1304 1220 90 30 Solon),
1413 1222 38 27 30,
1471 1227 88 18 avenue
1578 1221 89 23 Kléber

981 1256 79 29 .(xvi-).
1565 1256 100 23 UA-Y

951 1289 184 24 ZOLOTOVITZ
1158 1289 140 29 (Lubomir),
1311 1290 26 24 0.
1396 1290 80 29 Agent
1489 1290 178 30 diplomatique

980 1325 30 23 de
1023 1324 118 30 Bulgarie
1151 1324 32 31 [et
1192 1324 68 31 M**],
1272 1325 51 28 103,
1340 1324 64 24 boul.
1420 1324 149 24 Haussmann
1580 1325 83 29 <vm°).

951 1362 171 25 ZURLINDEN
1138 1363 130 31 (Général),
1284 1362 27 25 G.
1331 1362 26 24 0.
1422 1362 32 32 [et
1472 1363 48 23 M»«
1538 1364 43 22 née
1599 1363 64 23 Mar-

980 1398 92 30 guerite
1088 1398 137 30 PARTOU],
1242 1400 37 27 15,
1294 1405 90 16 avenue
1398 1397 89 24 Carnot
1497 1399 88 29 (xvn-).
1633 1398 29 23 H

952 1435 96 25 ZURLO
1060 1437 71 30 (P-–
1144 1436 97 24 Aurélie
1252 1437 107 31 Capece),
1374 1438 36 28 59,
1429 1445 36 16 av.
1481 1437 86 24 Kléber
1582 1438 80 29 (xvi").

951 1474 96 24 ZURLO
1064 1476 45 29 (!>••
1122 1480 25 19 et
1156 1476 63 23 P"–
1229 1475 109 32 Capece),
1348 1476 37 28 34,
1397 1483 89 16 avenue
1496 1476 86 24 Kléber
1592 1477 62 29 (xvi«

981 1510 34 31 [15
1032 1512 92 27 H41.S1)
1182 1515 24 19 et
1218 1513 29 28 «^
1259 1511 195 31 Plessis-Piquet,
1474 1511 32 31 Kl
1522 1511 32 31 ^=
1571 1511 91 24 Sceaux

981 1545 89 30 (Seine)
1088 1545 34 31 [3?
1138 1545 33 31 6],
1185 1548 15 21 à
1214 1545 268 32 Fonteney.aux-Roses,
1497 1547 40 28 j@
1553 1545 111 31 [Sceaux]

980 1580 131 25 Robinson.
1499 1580 164 24 AL-H-UA

951 1614 116 25 ZUYLEN
1082 1614 34 25 de
1133 1614 121 25 NYEVELT
1271 1615 46 29 (B-
1331 1609 98 29 Étienne
1443 1614 34 30 de)
1497 1615 32 31 [et
1543 1614 62 23 B«"
1620 1615 43 22 née

980 1650 88 23 Hélène
1092 1649 29 24 de
1143 1649 205 30 ROTHSCHILD],
1365 1649 34 30 en
1414 1650 54 23 leur
1482 1649 72 28 hôtel,
1570 1650 38 27 70,
1623 1656 40 16 av.

980 1684 32 23 du
1036 1683 219 32 Bois-de-Boulogne
1271 1684 68 30 (xvi«)
1357 1682 30 31 [7-
1407 1683 91 30 504.24]
1512 1683 15 28 –
1542 1683 46 28 68,
1605 1690 56 17 ave-

979 1725 46 17 nue
1035 1719 96 27 Louise,
1141 1721 14 20 à
1168 1719 121 23 Bruxelles
1298 1718 14 22 –
1326 1718 58 22 etil
1386 1718 22 28 il
1419 1718 111 28 Paradisio,
1546 1718 22 28 3,
1583 1718 79 23 boule-

980 1753 59 23 vard
1058 1752 29 23 de
1102 1752 94 29 Cimiez,
1212 1752 64 23 Nice.
1567 1752 94 23 AC-H

950 1791 94 24 ZYLOF
1059 1791 30 23 de
1103 1790 194 24 STEENBOURG
1309 1791 38 29 (J.)
1360 1791 31 30 [et
1405 1790 32 24 M"
1453 1790 48 24 née
1518 1790 144 24 d'HALLOY

979 1824 275 32 d'HOCQUINCOURT],
1270 1826 22 27 9,
1307 1832 42 16 rue
1359 1824 28 24 de
1403 1824 92 31 Sontay
1510 1826 68 28 (xvi«)
1638 1828 24 20 et

987 1861 29 27 jêb
1030 1859 29 23 de
1073 1859 155 30 Steenbourg,
1249 1863 33 21 Kl
1294 1859 100 30 Bergues
1410 1859 91 29 (Nord),
1525 1859 37 30 ^=
1571 1859 40 28 é&
1622 1859 39 31 [N]

980 1893 93 25 Steene.
