1749 2481
289 72 179 37 CHEMINS
493 71 47 37 DE
568 69 69 39 FER
666 70 44 37 DE
738 70 114 37 PARIS
876 71 20 36 A
923 70 93 37 LYON
1044 70 45 38 ET
1118 71 22 38 A
1173 71 40 37 LA
1241 63 305 45 MÉDITERRANÉE

792 139 99 33 ÉTÉ
942 147 105 26 1908

518 191 118 40 B4I3VS
664 191 54 41 DE
745 191 81 41 MEK
856 192 51 39 DE
932 192 48 39 LA
1007 184 309 49 MÉDITERRANÉE

330 267 175 41 BILLETS
530 267 178 40 D'ALLER
735 268 54 38 ET
814 266 177 42 RETOUR
1017 268 28 38 A
1072 268 104 41 PRIX
1196 260 108 49 TRÈS
1330 262 187 47 RÉDUITS

273 324 153 18 INDIVIDUELS
441 325 29 17 ET
484 323 147 19 COLLECTIFS
645 324 30 17 DE
693 324 119 18 FAMILLES
829 319 119 22 DÉLIVRÉS
964 324 62 17 DANS
1044 324 91 18 TOUTES
1151 325 46 17 LES
1211 325 76 17 GARES
1304 325 31 17 DU
1352 321 91 22 UtSEAU
1460 324 108 18 P.-L.-M.

454 352 124 29 Validité
630 351 57 29 33
701 352 109 34 jours,
831 360 70 20 avec
922 353 113 28 faculté
1053 353 37 28 de
1106 353 220 36 prolongation
1345 355 47 33 (1).

215 412 30 29 1°
256 411 118 29 Billets
390 410 121 30 d'Aller
527 413 32 27 et
574 411 122 29 Retour
706 410 207 30 individuels
929 411 39 29 de
982 411 98 30 Bains
1096 411 38 30 de
1149 411 68 30 Mer
1232 412 37 29 de
1285 411 50 35 lre,
1353 413 29 29 2e
1398 415 33 27 et
1445 412 31 30 3°
1492 413 136 28 classes.

245 460 47 21 Ces
316 458 82 23 billets
422 461 56 20 sont
501 458 62 22 émis
578 458 33 23 rlu
626 457 30 24 15
672 457 52 24 Mai
739 465 31 16 au
791 457 35 24 1""
841 458 113 24 Octobre
970 458 31 23 de
1019 459 96 29 chaque
1139 461 85 26 année,
1240 466 63 23 pour
1318 459 37 23 les
1369 460 107 22 stations
1492 459 139 23 balnéaires

216 490 133 29 désignées
364 489 98 29 ci-après

246 526 95 28 Agay,
359 524 240 29 Aiguës-Mortes,
616 524 154 29 Antilles,
797 523 127 27 Bandol,
948 524 157 28 Beaalien,
1127 525 131 26 Cannes,
1280 524 116 25 Cassis,
1415 525 96 29 Cette,
1528 526 103 21 lïolfe-

216 555 265 25 Juun-YallutiriH,
497 555 125 29 Hyèrcs,
637 555 247 25 Jnan-lcs-I*lnN,
896 555 222 30 Sain(-('vr-La
1132 554 136 27 Cadière,
1278 557 45 20 La
1336 556 113 26 Ciotat.
1467 557 44 21 La
1525 556 109 29 Seyne-

217 585 303 28 Tauiaris-Kiir-Mer,
549 586 130 27 Menton,
709 586 137 25 Monaco,
877 585 218 28 llontc-Curlo,
1123 586 204 28 Montpellier,
1375 587 63 27 !<•<•.
1468 587 166 22 Ollioules-

218 618 130 27 Sanary,
364 616 141 28 Palavas,
523 616 440 28 Saint-Raphaël-Valesourc,
981 618 120 22 Tonlon
1116 620 30 19 et
1165 617 367 23 Villefranche-sur-Mcr.

249 651 130 23 Minimum
394 651 29 23 de
439 658 118 23 parcours
572 651 81 30 simple
697 651 44 24 150
756 651 151 23 kilomètres.

249 682 84 23 PRIX
352 682 34 22 Le
401 682 55 29 prix
471 682 44 23 des
526 681 83 23 billets
623 684 39 20 est
676 681 94 24 calculé
786 681 96 30 d'après
902 682 23 23 la
941 682 110 23 distance
1067 682 81 27 totale,
1172 682 61 23 aller
1246 685 24 20 et
1282 685 93 27 retour,
1391 682 126 23 résultant
1531 682 30 24 de
1575 682 59 22 l'iti-

219 713 96 22 néraire
329 715 24 20 et
364 712 96 29 d'après
475 720 33 15 un
525 713 100 22 barème
640 712 91 23 faisant
749 713 117 22 ressortir
881 713 44 22 des
939 712 158 24 rédactions
1112 712 187 31 importantes-

219 753 30 29 2°
271 752 117 30 Billets
404 752 122 30 d'Aller
551 755 33 27 et
604 752 124 30 Retour
751 752 165 30 collectifs
940 752 39 30 de
1000 752 99 31 Bains
1121 753 38 29 de
1175 753 65 29 Mer
1257 753 38 30 de
1310 753 56 37 1'
1380 753 28 37 2"
1426 757 34 26 et
1474 752 18 30 3
1508 753 126 30 classes

787 791 96 26 (POUR
901 791 165 26 FAMILLES)

250 823 48 23 Ces
312 822 83 23 billets
410 825 56 20 sont
480 822 107 23 délivrés
606 822 33 22 du
658 821 29 24 15
703 821 52 25 Mai
771 829 31 16 au
818 822 36 23 1"
869 822 123 27 Octobre,
1017 829 50 16 aux
1091 822 107 23 familles
1221 823 55 22 d'au
1302 824 81 22 moins
1407 823 66 23 deux
1489 829 146 24 personnes,

220 855 141 28 voyageant
371 853 135 28 ensemble,
517 860 64 22 pour
595 852 37 23 les
646 853 106 22 stations
766 853 140 23 balnéaires
921 853 132 30 désignées
1067 853 129 23 ci-dessus.

252 884 129 22 Minimum
391 883 29 23 de
436 890 119 23 parcours
570 883 79 30 simple
695 883 43 24 150
748 884 152 22 kilomètres.

252 915 33 23 Le
300 914 55 30 prix
369 913 114 24 s'obtient
498 921 30 16 en
543 914 114 30 ajoutant
671 921 32 15 au
718 915 55 29 prix
792 914 31 23 de
844 914 66 23 deux
926 914 84 23 billets
1019 914 103 30 simples
1137 918 72 26 (pour
1218 914 23 23 la
1256 914 121 30 première
1392 915 142 30 personne),
1551 914 24 23 le
1583 915 55 29 prix

221 945 59 23 d'un
294 944 70 23 billet
378 944 89 31 simple
480 952 62 22 pour
553 945 23 22 la
590 945 131 22 deuxième
735 952 131 22 personne,
882 944 24 23 la
922 945 82 23 moitié
1019 945 30 23 de
1065 952 26 16 ce
1106 945 54 30 prix
1175 952 63 22 pour
1247 944 24 24 la
1286 945 126 24 troisième
1430 948 24 20 et
1467 946 112 22 chacune
1594 945 44 23 des

221 976 136 23 suivantes.

251 1010 97 23 NOTA.
403 1010 47 24 Les
461 1010 123 23 titulaires
600 1010 44 23 des
655 1010 83 23 billets
753 1011 30 23 de
797 1011 72 23 bains
879 1010 31 23 de
919 1018 52 15 mer
985 1010 134 25 collectifs
1133 1013 108 27 peuvent
1254 1011 106 28 obtenir,
1371 1011 195 30 conjointement
1580 1018 61 15 avec

222 1049 40 15 ces
278 1040 83 24 billets
376 1048 30 15 ou
421 1048 46 16 sur
482 1041 24 23 la
524 1041 169 30 présentation
716 1042 29 22 de
766 1042 101 26 ceux-ci,
894 1041 47 23 des
964 1043 90 22 cartes
1078 1041 204 24 d'abonnement
1298 1040 61 25 d'un
1376 1042 71 23 mois
1464 1048 67 17 avec
1546 1041 33 24 50
1592 1041 48 30 0/0

222 1072 32 24 de
270 1070 143 25 réduction
427 1079 50 17 sur
490 1072 25 23 le
533 1072 62 30 prix
612 1071 47 24 des
676 1071 194 25 abonnements
889 1071 154 25 ordinaires
1059 1078 70 24 pour
1149 1079 37 16 un
1204 1078 133 25 parcours
1353 1072 59 24 d'au
1428 1072 63 31 plus
1506 1072 45 24 100
1568 1072 71 24 kilo-

221 1103 102 24 mètres
339 1105 160 26 comprenant
512 1103 24 22 la
551 1103 72 29 plage
637 1103 119 29 désignée
764 1110 45 16 sur
819 1103 22 22 le
857 1103 70 23 billet
942 1103 30 22 do
980 1103 71 22 bains
1062 1103 30 22 de
1102 1110 60 15 mer.
1171 1103 47 22 Ces
1233 1106 80 20 cartes
1329 1103 193 23 d'abonnement
1531 1105 110 27 peuvent

222 1134 51 23 être
288 1133 81 30 prises
383 1133 130 23 isolément
522 1134 162 29 parchacune
695 1133 43 23 des
753 1140 137 23 personnes
909 1134 169 22 nommément
1088 1132 142 31 désignées
1244 1140 45 16 sur
1303 1133 22 23 le
1336 1133 68 23 billet
1424 1134 87 22 d'aller
1522 1137 24 19 et
1556 1136 85 20 retour

222 1164 114 23 collectif.

300 1209 51 26 Les
371 1208 166 35 Voyageurs
556 1210 50 24 ont
624 1208 29 26 la
666 1207 109 28 faculté
795 1209 34 26 de
850 1206 137 28 s'arrêter
1003 1213 56 21 aux
1078 1214 82 27 gares
1179 1208 111 26 situées
1309 1214 50 20 sur
1379 1208 184 26 l'itinéraire.

254 1244 74 23 Faire
345 1244 24 23 la
382 1243 119 24 demande
514 1244 29 23 de
558 1244 83 22 billets
659 1243 161 24 (individuels
834 1249 31 17 ou
879 1243 132 29 collectifs)
1032 1245 86 28 quatre
1132 1243 72 29 jours
1220 1248 31 17 au
1266 1243 78 23 moins
1360 1244 70 23 avant
1444 1244 28 23 le
1488 1243 87 28 départ
1590 1243 13 24 d
1616 1243 27 24 la

223 1280 59 25 gare
296 1274 31 23 où
339 1275 22 22 le
376 1279 90 25 voyage
479 1275 53 22 doit
546 1275 54 22 être
613 1275 144 22 commencé.

257 1309 31 30 (1)
306 1309 35 23 La
355 1309 77 23 durée
445 1309 32 24 de
490 1309 102 22 validité
615 1310 59 28 peut
697 1308 52 24 être
771 1308 135 30 prolongée
930 1314 49 16 une
1002 1314 31 17 ou
1058 1308 125 30 plusieurs
1205 1308 46 23 fois
1273 1308 30 22 de
1319 1308 29 23 15
1360 1309 73 30 jours
1451 1310 153 28 moyennant
1620 1308 23 24 le

224 1341 132 30 paiement,
372 1345 64 24 pour
448 1340 97 29 chaque
561 1339 182 30 prolongation,
759 1339 60 22 d'un
832 1339 159 29 supplément
1000 1339 55 29 égal
1071 1338 12 24 à
1099 1339 28 24 10
1140 1339 43 30 0/0
1207 1339 33 22 du
1253 1339 55 29 prix
1323 1338 34 24 du
1372 1339 77 23 billet.

370 1399 211 32 BILLETS
623 1399 66 31 DE
730 1398 265 33 VACANCES
1038 1400 29 31 A
1111 1399 115 32 PRIX
1269 1390 224 42 RÉDUITS

257 1441 20 23 11
292 1441 37 22 est
345 1439 61 23 émis
421 1439 44 23 des
478 1438 83 24 billets
575 1438 86 24 d'aller
676 1440 23 21 et
718 1441 86 21 retour
817 1438 121 24 collectifs
954 1438 31 24 de
1011 1445 120 18 vacances
1154 1439 30 23 de
1209 1437 43 31 ir",
1269 1437 25 26 2*
1309 1440 25 22 et
1348 1438 26 25 3"
1389 1438 110 28 classes,
1516 1438 30 24 de
1561 1440 83 22 toutes

225 1477 76 25 gares
317 1469 108 24 P.-L.-M.
442 1469 13 24 à
470 1471 82 21 toutes
566 1475 73 24 gares
655 1469 109 24 P.-L.-M.
787 1476 60 17 sous
869 1469 126 23 condition
1018 1470 141 23 d'effectuer
1179 1476 34 17 un
1229 1475 118 25 parcours
1363 1470 88 30 simple
1466 1469 132 24 minimum
1614 1469 30 24 de

226 1501 45 26 300
285 1501 143 23 kilomètres
443 1507 32 17 ou
489 1501 31 23 de
534 1506 76 23 payer
629 1506 63 24 pour
705 1506 27 18 ce
747 1506 128 24 parcours,

275 1541 32 29 1°
324 1539 47 30 Du
384 1540 94 29 Jeudi
494 1539 55 39 qui
566 1539 136 38 précède
719 1540 33 30 la
766 1539 76 30 Fête
858 1540 56 29 des
933 1540 165 30 Rameaux
1113 1548 40 22 au
1168 1539 104 30 Lundi
1286 1539 39 31 de
1339 1541 126 38 Pâques
1482 1540 121 30 inclus.

259 1581 82 22 Durée
355 1579 30 23 de
401 1579 117 23 validité:
538 1578 31 24 33
581 1578 78 31 jours
673 1586 60 16 avec
748 1580 91 22 faculté
854 1579 30 23 de
898 1579 174 30 prolongation
1086 1580 72 22 d'une
1173 1586 31 15 ou
1219 1579 126 30 plusieurs
1360 1580 112 30 périodes
1486 1580 28 30 de
1532 1579 28 22 15
1570 1579 75 29 jours

229 1612 152 28 moyennant
406 1609 22 24 le
452 1610 131 30 paiement,
608 1616 62 23 pour
694 1610 97 30 chaque
813 1610 182 30 prolongation,
1019 1611 60 22 d'un
1102 1609 157 30 supplément
1273 1610 30 23 de
1319 1610 28 23 10
1364 1611 42 28 0/0
1422 1611 30 22 de
1469 1610 23 22 la
1508 1610 88 22 valeur
1611 1608 34 23 du

230 1642 69 22 billet
313 1640 112 24 collectif.
654 1654 36 30 2o
708 1654 36 30 Du
762 1654 36 30 15
813 1654 74 29 JuiQ
905 1654 37 29 au
960 1654 37 29 15
1014 1654 196 38 Septembre.

260 1693 102 23 Validité
405 1692 131 32 jusqu'au
549 1692 36 24 1"
601 1692 161 25 Novembre.

260 1724 49 23 Ces
325 1723 83 23 billets
421 1726 56 21 sont
491 1724 107 22 délivrés
612 1730 50 17 aux
677 1724 107 23 familles
800 1724 57 22 d'au
871 1723 82 23 moins
966 1722 71 26 trois
1054 1729 154 26 personnes.
1272 1724 34 22 Le
1323 1723 56 29 prix
1394 1722 116 23 s'obtient
1525 1728 30 16 en
1572 1722 75 29 ajou-

230 1757 55 21 tant
300 1760 31 17 au
347 1755 55 28 prix
415 1755 30 22 de
460 1756 89 27 quatre
572 1754 84 23 billets
678 1754 104 29 simples
805 1755 73 29 (pour
899 1754 37 22 les
958 1754 67 22 deux
1049 1755 134 29 premières
1206 1755 154 28 personnes),
1385 1753 23 22 le
1432 1753 56 29 prix
1503 1752 59 23 d'un
1577 1752 70 23 billet

231 1784 88 30 simple
335 1790 63 23 pour
413 1784 21 23 la
446 1785 125 22 troisième
585 1790 131 23 personne,
728 1785 22 21 la
765 1785 85 22 moitié
864 1784 30 22 de
909 1790 27 16 ce
947 1784 55 29 prix
1018 1791 63 23 pour
1095 1785 22 22 la
1133 1785 137 29 quatrième
1285 1786 23 20 et
1319 1784 111 21 chacune
1447 1783 45 22 des
1507 1783 138 23 suivantes.

261 1814 142 30 Lorsqu'un
421 1815 69 22 billet
513 1814 29 23 de
566 1820 121 17 vacances
701 1820 30 17 ne
746 1814 135 30 comprend
900 1820 50 23 que
966 1815 59 22 trois
1044 1821 150 23 voyageurs,
1210 1814 93 22 ceux-ci
1322 1816 58 20 sont
1399 1816 75 20 tenus
1489 1813 30 23 de
1535 1820 113 22 voyager

232 1845 128 24 ensemble
375 1844 12 23 à
403 1844 78 23 l'aller
498 1847 23 20 et
536 1851 31 16 au
582 1847 100 24 retour;
700 1844 104 30 lorsque
819 1845 22 22 le
852 1844 69 22 billet
935 1845 139 28 comprend
1089 1845 57 30 plus
1162 1845 34 22 de
1212 1844 61 22 trois
1296 1850 152 23 voyageurs,
1469 1845 63 22 trois
1553 1844 96 23 d'entre

233 1884 49 16 eux
297 1883 31 15 au
343 1875 81 23 moins
438 1877 57 21 sont
508 1878 75 19 tenus
598 1876 29 21 de
641 1881 112 24 voyager
767 1874 138 29 ensemble,
921 1874 36 23 les
977 1877 84 21 autres
1079 1879 41 19 ont
1131 1876 22 21 la
1171 1874 90 24 faculté
1275 1874 30 22 de
1319 1881 112 23 voyager
1446 1875 131 22 isolément
1586 1875 63 22 dans

233 1908 37 22 les
284 1904 138 25 conditions
436 1906 123 23 suivantes

265 1937 20 23 Il
302 1939 38 20 est
352 1935 72 23 établi
464 1936 24 29 a)
504 1935 39 23 Un
566 1935 70 23 billet
649 1935 109 23 collectif
770 1943 45 15 sur
838 1935 84 30 lequel
936 1937 56 20 sont
1012 1935 99 23 inscrits
1130 1938 56 20 tous
1201 1935 37 22 les
1254 1934 129 29 titulaires,
1402 1935 68 24 ceux"
1485 1936 44 29 qui
1549 1935 101 23 doivent

233 1974 113 24 voyager
358 1966 125 23 ensemble
499 1969 23 20 et
538 1973 64 15 ceux
615 1966 44 29 qui
674 1969 109 26 peuvent
797 1972 112 23 voyager
922 1965 120 30 isolément
1085 1966 26 28 b)
1125 1966 37 22 Un
1181 1972 97 23 coupon
1293 1965 87 24 d'aller
1399 1969 23 20 et
1442 1974 33 15 un
1499 1972 99 22 coupon
1619 1964 30 24 de

234 2001 85 21 retour
331 1997 136 23 individuel
482 2004 32 16 au
534 2004 58 15 nom
610 1996 30 23 de
659 1996 97 24 chacun
770 1997 45 23 des
834 2002 144 23 voyageurs
992 1997 43 28 qui
1049 1999 57 20 sont
1122 1996 122 23 autorisés
1268 1996 12 23 à
1303 2003 112 24 voyager
1434 1997 150 28 isolément;
1604 2002 46 17 ces

235 2035 111 24 coupons
365 2031 55 20 sont
437 2028 30 22 de
481 2027 24 23 la
515 2027 80 23 même
609 2026 80 23 classe
704 2030 24 19 et
742 2029 154 27 comportent
912 2026 22 23 le
949 2026 79 23 même
1043 2033 120 23 parcours
1177 2033 49 23 que
1240 2026 23 24 le
1278 2027 69 24 billet
1362 2028 115 23 collectif.

267 2059 142 30 Lorsqu'un
420 2058 108 24 titulaire
541 2057 33 23 de
582 2064 111 22 coupons
707 2057 152 23 individuels
873 2059 62 20 veut
949 2064 111 22 voyager
1074 2057 137 27 isolément,
1223 2057 17 22 il
1254 2060 38 20 est
1306 2060 59 21 tenu
1376 2059 30 23 de
1422 2066 29 15 se
1460 2063 129 24 procurer,
1598 2056 13 23 à
1627 2056 24 24 la

235 2097 60 23 gare
313 2090 29 22 de
357 2089 94 30 départ,
467 2096 44 15 sur
525 2088 23 23 la
563 2088 167 29 présentation
745 2088 30 23 de
792 2095 45 15 son
851 2094 98 23 coupon
963 2087 86 23 d'aller
1059 2094 31 16 ou
1106 2088 28 22 de
1153 2090 92 26 retour,
1261 2088 101 23 suivant
1378 2089 21 23 le
1417 2096 50 20 cas,
1484 2095 35 16 un
1535 2087 70 23 billet
1619 2094 33 16 au

239 2120 59 24 tarif
309 2120 107 24 militaire
433 2120 30 23 de
479 2119 24 23 la
517 2119 81 22 classe
611 2121 25 20 et
652 2125 63 23 pour
729 2119 22 22 le
766 2125 121 23 parcours
900 2119 111 29 figurant
1027 2125 40 16 sur
1080 2125 27 16 ce
1121 2125 104 24 coupon.
1242 2119 49 24 Le»
1307 2126 142 26 voyageurs
1464 2122 43 20 ont
1523 2118 21 23 la
1560 2117 93 23 faculté

238 2152 30 22 de
283 2150 117 24 s'arrêter
414 2158 48 15 aux
476 2157 75 23 gares
568 2149 95 23 situées
673 2156 45 16 sur
732 2149 154 23 l'itinéraire.

359 2189 73 25 Faire
446 2191 25 22 la
483 2189 118 24 demande
614 2189 29 22 de
658 2188 79 29 billet,
754 2191 88 28 quatre
853 2188 71 29 jours
940 2194 32 17 au
987 2188 79 24 moins
1081 2188 14 24 à
1111 2188 114 30 l'avance,
1248 2189 15 24 à
1277 2190 24 24 la
1314 2197 60 23 gare
1389 2191 29 23 de
1434 2190 97 28 départ.

269 2225 105 24 NOTA.
435 2225 19 23 II
471 2227 59 28 peut
544 2224 51 23 être
610 2223 93 23 délivré
719 2224 12 23 à
752 2232 34 15 un
801 2231 32 16 ou
848 2223 127 30 plusieurs
992 2222 45 24 des
1050 2230 142 23 voyageurs
1208 2226 106 29 compris
1334 2226 63 22 dans
1412 2232 34 16 un
1463 2225 70 22 billet
1547 2222 110 24 collectif

240 2257 30 22 de
285 2262 121 16 vacances
423 2258 24 21 et
462 2263 30 16 en
507 2254 79 23 même
604 2257 80 26 temps
699 2261 48 22 que
767 2262 27 16 ce
809 2254 70 23 billet
895 2261 50 15 une
959 2255 67 21 carte
1041 2254 125 24 d'identité
1180 2262 45 16 sur
1235 2256 22 22 la
1272 2257 170 28 présentation
1459 2256 31 22 de
1507 2253 110 31 laquelle
1632 2252 23 24 le

239 2285 110 24 titulaire
365 2292 55 17 sera
439 2286 80 22 admis
540 2285 13 23 à
572 2291 110 23 voyager
705 2285 130 23 isolément
850 2283 70 31 (sàns
934 2283 84 29 arrêt),
1034 2285 14 23 à
1062 2285 84 23 moitié
1167 2287 54 29 prix
1240 2286 33 23 du
1288 2286 71 23 Tarif
1373 2286 112 30 général,
1501 2284 111 31 pendant
1631 2282 23 24 la

240 2317 77 23 durée
331 2316 30 22 de
376 2316 23 22 la
414 2316 157 30 villégiature
586 2315 30 23 de
631 2315 23 23 la
671 2315 92 24 famille
789 2319 69 20 entre
881 2315 23 23 la
919 2321 60 23 gare
993 2314 30 23 de
1048 2315 85 30 départ
1146 2319 25 20 et
1185 2316 22 23 le
1222 2317 50 23 lieu
1291 2317 30 22 de
1344 2317 150 23 destination
1511 2314 143 24 mentionné

243 2346 38 24 sur
293 2346 25 24 le
330 2346 76 24 billet
421 2346 115 24 collectif.
