1749 2481
276 58 900 182 0

556 254 412 28 ANNUAIRE
1244 172 40 236 t
1324 172 81 236 ~f

448 387 156 42 GRAND
758 325 37 19 DU
888 391 230 44 PARISIEN

448 387 156 42 GRAND
664 392 171 39 MONDE
888 392 231 42 PARISIEN
1403 376 30 32 r

763 490 32 17 ET
1153 474 106 72 t~~

445 528 33 43 4
546 552 276 55 COLONIE
882 517 255 87 ÉT^G

217 699 166 40 Adresses
406 701 20 38 à
452 700 105 46 Paris,
582 701 86 39 dans
693 702 48 38 les
768 701 170 39 Châteaux
962 700 33 38 et
1016 700 21 38 à
1062 700 33 39 la,
1120 700 75 38 côte
1220 699 121 40 d'Azur

643 814 283 156 J9°8

133 1026 325 38 L'Annuaire
501 1030 234 35 contient
775 1031 130 33 dans
946 1028 188 36 l'ordre
1175 1029 197 35 suivant

583 1096 216 29 PREMIÈRE
822 1102 159 22 PARTIE

214 1152 47 17 LES
277 1152 165 19 SOUVERAINS
457 1147 140 24 D'EUROPE
646 1153 30 17 LA
690 1154 101 17 MAISON
807 1154 33 16 DE
854 1154 103 17 FRANCE
971 1154 32 16 ET
1016 1154 35 16 LA
1064 1154 102 17 MAISON
1182 1153 159 18 BONAPARTE

555 1188 47 16 LES
617 1188 68 17 DUCS
699 1188 33 16 ET
746 1187 114 17 PRINCES
875 1187 130 21 FRANÇAIS

350 1221 49 17 LES
417 1214 139 24 ÉLÉMENTS
570 1222 37 16 DU
625 1221 111 17 BLASON
786 1214 222 24 L'EMPLACEMENT
1024 1221 49 17 DES
1086 1221 123 17 TROUPES

97 1252 83 18 CORPS
192 1253 199 20 DIPLOMATIQUE
439 1253 49 20 LES
503 1249 170 23 MINISTÈRES.
684 1254 86 17 -LES
784 1248 124 24 ABONNÉS
921 1255 34 16 DE
970 1248 112 24 L'OPÉRA
1095 1255 33 16 ET
1142 1255 33 16 DE
1190 1255 34 17 LA
1238 1253 275 23 COMÉDIE-FRANÇAISE

393 1285 40 21 LA
452 1285 87 21 LISTE
556 1278 240 31 ALPHABÉTIQUE
817 1278 164 28 GÉNÉRALE
1001 1285 59 21 DES
1078 1285 87 21 NOMS

206 1318 40 21 LA
264 1318 88 22 LISTE
368 1319 60 21 DES
446 1319 86 21 NOMS
552 1319 39 20 DE
609 1319 115 21 JEUNES
744 1319 105 20 FILLES
869 1312 185 28 PRÉCÉDANT
1075 1320 36 19 LE
1130 1319 67 20 NOM
1216 1318 40 21 DU
1277 1320 78 20 MARI

583 1365 215 28 DEUXIÈME
821 1371 157 21 PARTIE

424 1421 80 24 LE
545 1421 255 24 CARNET
841 1420 304 25 MONDAIN

459 1463 267 38 RÉSERVÉE
768 1470 106 30 AUX
915 1470 195 30 VISITES

199 1530 36 21 LE
255 1530 202 21 CLASSEMENT
477 1530 58 22 DES
554 1531 85 21 NOMS
660 1531 62 20 PAR
740 1530 81 21 RUES
841 1530 82 21 AVEC
945 1530 55 21 LES
1018 1530 98 21 JOURS
1135 1530 40 21 DE
1193 1524 175 27 RÉCEPTION

579 1575 229 29 TROISIÈME
831 1582 157 21 PARTIE

696 1628 54 22 sous
763 1628 27 22 le
806 1629 60 20 titre

442 1682 90 47 LA
578 1671 213 59 CÔTE
843 1682 279 47 D'AZUR

244 1761 33 16 LA
290 1760 74 17 LISTE
377 1760 50 17 DES
441 1760 156 18 PERSONNES
611 1761 36 17 DU
662 1761 90 16 GRAND
767 1760 92 17 MONDE
874 1760 46 20 QUI
933 1760 136 17 VIENNENT
1086 1760 118 17 HABITER
1219 1752 105 26 L'HIVER

324 1803 55 19 sur
393 1796 42 26 les
450 1796 98 26 Bords
564 1796 36 26 de
615 1796 29 26 la
658 1795 235 31 Méditerranée,
908 1796 36 25 de
958 1796 114 33 Hyèrés
1088 1796 19 25 à
1122 1796 125 26 Menton

572 1877 241 31 DOUZIÈME
838 1874 159 33 ANNÉE

105 1965 169 39 Prix
343 1977 16 26 S
415 1967 92 37 12
554 1965 263 38 francs
853 1974 66 31 (PRIX
935 1981 30 23 DE
982 1981 157 24 L'ANNUAIRE
1155 1981 30 23 DE
1203 1981 56 24 LUXE
1303 1981 32 25 25
1352 1981 114 25 FRANCS)

153 2113 35 38 A.
205 2113 286 46 SAINT-MARTIN,
509 2103 138 54 Éditeur,
668 2113 58 45 12,
744 2113 63 38 Rue
822 2113 36 38 de
874 2113 158 48 Bassano,
1053 2112 44 38 12
1113 2124 166 32 v*),
1297 2112 113 39 PARIS
