1749 2481
1121 100 144 32 Scheffer
1288 98 86 42 (rue)

291 104 242 40 Saint-Sulpice
552 103 117 41 (place)

264 197 322 27 SAINT-SULPICE
600 195 113 35 (place)

130 252 39 21 VI*
182 252 52 21 Arr.
252 252 101 26 (Odéon).
365 252 38 26 •
419 252 50 20 Rue
484 252 30 20 du
528 250 245 26 Vieux-Colombier,
785 252 23 18 et
820 250 19 20 2.

309 286 112 20 Paroisse
471 285 192 27 Saint-Sulpice.

142 360 16 20 6
184 359 31 20 M.
231 361 22 18 et
265 360 50 19 M»*
328 360 59 20 Jean
402 365 32 15 DE
448 358 133 21 COMRAUD
638 357 123 21 Thénard.

185 394 63 20 B°»«
263 394 58 20 Paul
335 386 155 28 THÉNARD.

184 428 65 21 B°"«
262 427 105 22 Arnouid
378 420 128 29 THÉNARD
558 427 99 20 Devrez.
712 425 129 26 [Mercredi]

130 463 28 20 12
183 462 31 21 M.
231 462 98 21 Charles
345 461 155 22 MEZZARA.

282 595 321 26 SAINT-SULPICE
622 594 78 34 (rue)

292 645 43 22 VI*
345 647 52 21 Arr.
410 647 26 21 *r
452 646 52 21 Rue
515 644 28 22 de
559 643 89 27 Condé,
658 645 19 21 4.

133 722 33 23 20
182 722 33 23 M.
233 725 21 18 et
264 723 48 21 M»"
324 729 32 14 DE
370 723 39 21 LA
421 722 127 22 CROMPE
563 728 32 14 DE
609 722 40 20 LA
667 717 144 26 BOISSIÈRE

213 762 112 28 Chet/ron
336 761 34 22 du
380 761 125 22 Pavillon.

187 796 30 21 M.
229 800 23 17 et
261 797 49 21 M°"
322 797 105 20 Gustave
437 794 128 22 LAMBERT
613 795 30 21 de
654 794 37 21 La
703 793 94 28 Crompe
812 793 31 28 de

211 831 40 21 La
259 831 131 20 Boissiére.

171 972 513 29 SAINT-THOMAS-D'AQUIN
700 970 111 36 (place)

263 1022 51 22 VII'
324 1023 52 23 Arr.
431 1023 78 25 Eglise
524 1022 186 23 Saint-Thomas.

149 1106 8 19 1
189 1104 27 21 M.
229 1104 27 21 et
269 1104 41 21 M»*
329 1104 62 22 L.-A.
403 1104 102 21 FERRUS
555 1103 120 22 Cabanes.
755 1102 90 27 [Mardi]

189 1233 514 30 SAINT-THOMAS-D'AQUIN
718 1231 77 35 (rue)

138 1289 55 21 VII"
210 1289 52 21 Arr.
284 1288 203 27 (Saint-Thomas
503 1287 124 27 d'Aqain).
640 1287 27 27 <-
685 1287 70 21 Place
773 1286 74 21 Saint-

198 1322 218 27 Thomas-d'Afiuin.
462 1322 67 21 Boul.
540 1321 169 26 Saint-Germain,
721 1321 60 26 â"28.

262 1364 108 21 Paroisse
407 1363 200 22 Saint-Thomas
622 1363 116 25 d'Auuin.

147 1446 17 21 ̃2
190 1445 31 22 M.
232 1448 22 18 et
262 1445 50 21 M»*
327 1445 55 21 Max
396 1444 167 22 DELAGRAVE
620 1443 83 28 Vergé.

192 1479 29 21 M.
233 1479 109 21 etM»«J.
354 1479 70 21 GAY.

190 1514 51 20 Mi"
262 1515 39 19 D"
324 1519 33 14 de
378 1513 149 21 GONTAtlT
551 1512 288 21 SAINT-BLANCARD:

216 1548 181 27 Baiiffremont.

277 1697 229 27 SAUSSAIES
531 1696 102 35 (place
649 1696 67 35 des)

169 1751 62 22 VIII"
245 1751 51 21 Arr.
314 1751 153 27 (Madeleine).
479 1751 38 27 •<-
536 1752 64 19 Dans
614 1750 21 21 le
649 1750 176 26 prolongement

282 1785 28 20 de
332 1785 23 20 la
375 1791 40 15 rue
435 1785 29 20 de
482 1785 22 20 la
524 1778 185 33 Ville-l'Evêque.

294 1820 121 20 Paroisse
468 1819 228 26 Saint-Augustin.

156 1911 13 20 2
196 1911 30 20 M.
249 1912 21 18 et
297 1910 50 20 M»'
371 1910 25 20 L.
423 1909 137 21 i.'ARBOIS
586 1913 30 16 i>R
631 1907 182 22 JUBAINVILLE

220 1944 88 22 Cerise.

155 1980 11 21 i
194 1978 30 21 M.
235 1981 22 18 et
267 1977 49 21 M""
327 1977 105 26 Georges
443 1977 100 21 DROUIN
589 1975 147 27 Demonjaij.
752 1976 29 26 |2«
795 1978 22 18 et
830 1976 21 19 4«

450 2012 108 20 Samedis
568 2012 12 20 3
590 2010 21 20 li.
622 2009 227 27 Janv.-Févr.-Mars]

193 2047 29 21 M.
238 2050 23 18 et
274 2046 50 21 M–
339 2046 105 26 Georges
459 2044 197 23 LABROUSSE:
673 2044 177 21 Mae-Dermot

758 2077 92 28 [Mardi)

196 2115 35 21 C"
246 2117 22 19 et
278 2113 65 22 C'
355 2114 63 21 René
430 2121 31 14 DE
471 2112 165 23 PEYRONNET
689 2112 116 22 Roussin.

509 2146 126 27 [Vendredi
649 2147 69 26 après
731 2147 12 19 4
757 2147 93 21 heures'

194 2182 32 20 M.
242 2185 22 18 et
278 2182 50 21 M»*
345 2182 58 21 Paul
418 2181 192 23 SCHNEIDKK:
626 2180 106 21 Maniez.
749 2181 103 26 [Samedi

719 2218 70 23 après
799 2217 12 20 3
820 2217 31 26 h.]

1054 194 227 26 SAUSSAIES
1297 193 68 34 (rue
1380 192 67 34 des)

957 258 60 22 VIII*
1025 258 53 21 Arr.
1087 257 158 27 (Madeleine).
1258 257 26 27 <-
1295 256 69 22 Place
1375 257 120 25 Beauvau,
1504 256 32 20 94.

1103 296 25 18 ->
1138 292 52 20 Rue
1200 290 163 26 Cambacérès,

966 331 148 21 Paroisses:
1122 329 217 28 Saint-Augustin
1351 329 44 26 (nos
1406 329 126 27 impairs).

1053 364 232 26 Sainte-Madeleine
1299 364 43 26 (n"
1352 363 90 28 pairs).

907 451 12 21 8
946 450 42 21 B««
997 451 28 20 A.
1036 456 32 15 DE
1079 450 193 21 BARONCELLI
1284 449 64 21 DEJA
1364 449 64 21 VON.

906 490 13 20 9
945 489 31 21 M.
992 492 22 18 et
1027 489 51 21 M»*
1088 488 82 22 Alfred
1184 488 84 22 CLARK
1315 488 100 21 Croicse.
1496 487 38 25 [i"
1549 489 20 18 et
1579 487 21 19 4«

1485 521 116 26 Snjuodis]

947 558 36 20 C'«
996 558 66 21 Jules
1077 563 31 15 nr.
1121 557 40 21 LA
1175 555 278 22 ROCHEFOUCAULD.

947 597 37 21 C«*
999 595 136 22 Emmanuel
1149 601 31 15 DE
1194 595 39 21 LA
1247 584 295 32 ROCHEFOUCAULD.'

947 635 48 21 M""
1011 641 32 15 DE
1056 631 102 25 VERGÉS
1209 634 131 27 Fougères.

947 673 30 22 M.
993 673 72 21 Henri
1080 680 31 15 de
1123 668 131 26 VERGES.

897 714 24 20 10
948 712 29 21 M.
989 712 27 21 et
1029 712 40 21 M°"
1081 712 105 26 Georges
1201 718 31 15 DE
1246 711 128 22 SEGUIN:
1390 710 137 22 Graceron.

897 752 24 20 U
948 751 49 21 M-
1012 757 33 14 DU
1059 750 113 22 BODAN.

947 790 42 21 B«»
1001 793 22 18 et
1037 789 64 21 B*«*
1120 789 27 21 G.
1172 794 32 16 DE
1226 786 338 24 RABAUDY-MONTOUSSIN

974 824 147 26 Petjron.net.

1084 962 110 28 SAXE
1217 962 134 34 (avenue
1370 961 49 34 de)

1045 1013 51 21 VII»
1107 1013 50 20 Arr.
1172 1017 26 19 ̃«-
1212 1012 70 21 Place
1294 1012 129 26 Fontenoy,
1437 1011 19 21 3.

898 1102 22 20 31
949 1100 40 21 V"
1003 1102 23 18 et
1039 1100 69 21 V1""
1125 1100 78 20 Albert
1218 1105 31 14 DE
1264 1098 64 22 SARS
1376 1099 38 19 La
1427 1098 76 20 Salle,

898 1138 24 21 ai
950 1138 30 20 M.
996 1137 74 21 Emile
1084 1136 106 21 MAIRE.

1102 1289 214 27 SCHEFFER
1330 1288 77 34 (rue)

901 1353 63 21 XVI«
975 1353 52 21 Ait.
1044 1352 118 28 (Muette).
1175 1352 26 28 4-
1218 1352 51 21 Rue
1281 1352 112 26 Vineuse,
1412 1352 25 21 29
1450 1354 23 19 et
1485 1352 32 20 31.
1529 1352 28 23 ->
1571 1352 28 23 Av

1148 1391 172 27 Henri-Martin,
1328 1392 32 20 57.

1020 1435 106 22 Paroisse
1162 1435 190 21 Annonciation
1361 1434 29 21 de
1400 1435 88 26 Patsy.

913 1536 12 19 1
952 1534 39 22 C"
1005 1527 168 28 d'ANDIGNÉ.

955 1573 34 21 Ci.
1000 1573 23 21 et
1043 1573 107 21 C"–de
1165 1572 138 22 TIIOURY.

914 1613 11 20 2
937 1613 35 21 bis
988 1613 36 21 C"
1035 1615 22 18 et
1067 1611 66 22 O"*
1144 1612 35 20 Fr.
1191 1618 31 15 de
1233 1611 39 21 LA
1282 1605 174 27 DÉGASSIÈRE
1501 1610 106 27 Lesseps.

953 1651 36 22 C"
1004 1654 22 18 et
1040 1651 65 21 C'
1116 1651 79 21 Ismayl
1213 1656 31 16 DE
1263 1649 120 22 I.ESSEPS
1429 1649 39 22 La
1478 1648 130 21 Fontaine-

977 1686 98 22 Solare.

954 1725 36 21 C'«
1001 1727 22 17 et
1034 1725 66 20 C"
1108 1723 101 21 Mathieu
1222 1729 31 15 DE
1272 1721 116 22 LESSEPS
1437 1721 39 21 La
1486 1721 124 21 Fontaine

976 1758 98 22 Solare.

902 1792 25 25 42
954 1796 29 20 M.
992 1799 23 17 et
1022 1796 50 20 M–
1082 1796 71 20 Louis
1164 1793 138 22 ANDR1EUX
1346 1793 123 22 Kœehlin.

954 1834 30 21 M.
998 1834 89 21 Marcel
1100 1832 157 22 KŒCHLIN.

902 1874 24 20 51
955 1874 69 19 Villa
1039 1873 175 20 SCHEFFER.

956 1911 40 20 M"
1008 1912 22 18 et
1040 1910 50 20 M"*
1101 1909 145 21 d'AUKIGNY
1296 1909 76 22 Witte
1382 1910 33 25 (VA
1431 1910 77 26 villa).

902 1950 24 20 6(
955 1949 36 21 C'°
1007 1955 31 14 DE
1053 1948 151 21 DOUGLAS.

954 1988 40 21 V
1001 1988 28 21 et
1043 1988 56 21 V'
1105 1993 30 14 de
1142 1984 152 24 DOUGLAS:
1303 1987 93 29 Chapel
1403 1986 206 29 d'Espinaisoux.

955 2027 39 20 V*
1009 2026 90 21 Olivier
1113 2032 31 14 de
1159 2025 153 21 DOUGLAS.

955 2066 39 20 V"
1009 2065 58 21 Jean
1083 2071 32 14 DE
1128 2064 152 22 DOUGLAS.

954 2104 39 21 V"
1004 2106 23 18 et
1041 2103 70 21 V'
1126 2103 96 21 Etienne
1237 2109 32 15 DE
1283 2103 127 22 LAMOTTE
1462 2101 122 27 Douglas.

955 2143 29 21 M.
996 2145 23 18 et
1032 2142 49 21 M»'
1097 2142 56 21 Paul
1169 2148 30 15 DE
1214 2136 109 28 MÉRONA
1376 2143 38 21 La
1428 2141 144 22 Bouillerie.

955 2182 37 21 C'«
1010 2184 23 18 et
1055 2180 66 21 C»«"
1145 2186 30 15 de
1191 2181 142 21 VILUERS
1349 2179 244 23 GHIGNONCOURT

981 2215 138 27 Ligniville.
