1749 2481
701 75 353 32 ALPES-MARITIMES

1216 76 87 32 NICE

451 79 86 31 NICE

126 175 122 23 Œlsnitz
263 173 59 30 (Dr),
337 174 23 28 6,
376 179 90 18 avenue
480 173 73 24 Notre
565 173 82 24 Dame.

128 215 100 21 Oeters
242 211 51 31 (J.),
309 212 37 28 19,
364 219 42 16 rue
423 211 123 25 Pertinax.

127 254 115 27 Ongran
265 251 46 29 (C"
326 254 25 21 et
374 250 63 25 CU1"
452 251 47 30 de),
515 251 59 24 villa
587 251 104 30 Ongran,
706 250 92 24 chemin
816 249 29 24 de

157 282 98 24 Cimiez.

128 324 107 27 Oppeld
250 321 53 29 |L.),
318 321 88 24 ancien
425 321 97 29 Consul,
542 324 23 26 7,
582 328 43 17 rue
640 321 28 23 de
679 319 77 32 Dijon.

128 361 212 28 Oppenheimer
354 358 55 31 (G.),
433 361 38 27 11,
487 367 44 16 rue
545 359 169 32 d'Angleterre.

127 401 107 23 Orestis
261 401 34 22 de
324 401 193 22 Castelnuovo
539 399 44 31 (Cu
612 399 25 24 F.
662 398 49 30 de),
738 399 22 27 3,
778 397 68 31 place

158 430 97 25 Charles
270 429 77 24 Félix.

128 472 154 21 Ormesson
304 468 47 30 (C"
375 468 31 30 d')
430 468 32 31 [et
481 467 62 25 C'
558 469 43 22 née
615 468 29 23 de
670 470 39 20 La
724 466 123 24 Guéron-

156 503 98 31 nière],
271 504 58 23 villa
343 502 162 30 d'Ormesson,
520 503 64 23 boul.
601 502 131 25 Beau-Site.

128 544 144 23 Oustinoff
281 542 56 31 (M°"
353 541 42 30 d'),
412 544 37 27 14,
464 541 132 25 boulevard
610 541 167 31 Dubouchage.

129 584 138 23 Owecher
283 581 90 30 (B"™"),
388 584 38 26 37,
441 588 43 17 rue
499 582 79 24 Cotta.

129 623 112 23 Ozeroff
255 621 67 30 (W.),
339 621 52 29 173,
409 627 45 17 rue
468 620 29 24 de
512 621 97 23 France.

129 662 194 23 Oznobichine
339 659 57 30 (M"«
406 660 43 30 d'),
464 661 22 28 3,
504 667 90 18 avenue
608 659 121 25 Beaulieu.

130 746 148 22 Padovani
294 743 55 30 (P.),
364 743 88 25 Homme
469 743 35 25 de
521 744 94 29 lettres,
643 744 36 27 il,
706 750 42 16 rue
761 742 88 23 Macca-

160 775 65 24 rani.

129 816 107 23 Paillot
250 814 74 30 (C"1"
338 813 48 30 de),
402 814 37 27 33,
459 813 130 24 boulevard
606 813 137 25 Carabacel.

129 855 174 27 Paléologue
319 853 65 30 (P"),
400 853 60 23 villa
474 852 109 29 Pauline,
597 859 91 17 avenue
700 852 29 24 de
744 851 74 31 Gilly.

131 896 100 21 Palma
246 891 45 32 (C"
306 892 45 30 di),
366 891 95 25 chemin
475 891 41 25 des
532 891 149 29 Collinettes,
705 891 57 24 villa
785 890 64 25 Lisa.

131 934 228 26 Parra-Bolivar,
372 932 89 24 Consul
475 931 32 24 du
527 931 141 29 Venezuela,
677 930 59 24 villa
746 930 103 30 Orengo,

161 964 67 30 place
245 963 105 24 Béatrix.

132 1006 126 21 Parreau
282 1002 39 31 (M.
346 1001 100 31 Eusèbe)
472 1000 32 32 [et
523 1000 48 24 M»'
593 1002 42 22 née
667 1000 30 23 de
724 1000 126 31 Bottini],

161 1039 94 24 Ancien
269 1037 119 24 Résident
398 1037 100 30 général
506 1043 32 17 au
550 1036 100 29 Tonkin,
661 1036 58 24 villa
726 1036 59 23 Binh
796 1035 53 24 hoa.

133 1080 55 21 Pas
205 1077 45 26 (C**
264 1077 48 28 de),
328 1076 59 23 villa
404 1076 29 23 de
448 1075 54 26 Pas,
517 1075 94 24 chemin
627 1075 29 24 de
670 1075 135 23 Brancolar.

132 1119 104 22 Patton
251 1117 58 29 (de),
327 1117 39 27 63,
381 1122 43 17 rue
441 1114 30 24 de
486 1115 97 24 France.

132 1158 104 22 Perino
253 1155 131 31 (Maurice),
400 1155 133 30 Banquier,
549 1156 23 28 4,
587 1162 42 16 rue
649 1154 126 31 Ségurane.

132 1197 143 23 Perrache
290 1195 39 30 (M.
346 1194 29 29 et
389 1194 58 29 M"),
466 1196 22 26 4,
506 1201 42 17 rue
561 1194 161 31 Longchamp.

134 1237 100 22 Perrot
248 1233 77 31 (M™*),
344 1235 38 28 67,
397 1233 90 31 promd°
503 1233 41 24 des
557 1233 107 31 Anglais,
680 1233 57 23 villa
760 1233 92 24 Perrot.

133 1275 214 26 Pfeifer-Roux,
363 1273 58 24 villa
434 1273 98 28 Pfeifer,
548 1279 88 17 avenue
651 1272 42 24 des
708 1272 90 25 Fleurs.

134 1315 102 22 Picard
250 1312 109 31 (Pierre),
374 1311 94 25 chemin
482 1312 29 23 de
526 1311 96 30 Cimiez,
633 1310 60 25 villa
705 1310 145 25 Francinelli.

135 1354 111 21 Pierlas
263 1351 45 30 ((>•
319 1351 26 24 C.
362 1350 48 30 de),
431 1352 37 27 17,
484 1358 42 17 rue
540 1350 31 24 du
588 1350 86 24 Palais.

135 1393 165 27 Pierrelaye
315 1390 59 31 (M"»
387 1390 49 30 de),
452 1390 78 23 chalet
552 1389 133 31 Teysseire,
700 1396 89 17 avenue
811 1389 43 24 des

165 1425 92 24 Fleurs.

136 1465 87 23 Piétri
238 1464 40 30 (D'
293 1464 143 31 Sylvestre),
453 1465 22 26 3,
490 1463 67 31 place
571 1462 30 24 de
614 1463 24 23 la
650 1463 105 24 Liberté.

137 1505 104 22 Pilatte
256 1502 40 30 (D'
309 1502 49 30 L.),
371 1503 23 28 9,
409 1509 92 17 avenue
515 1502 147 28 Desambrois,
675 1502 67 28 villa
757 1502 95 24 Pilatte.

136 1545 109 21 Pineau
260 1542 39 30 (M.
315 1545 24 19 et
353 1541 48 23 M"*
415 1541 105 31 Ernest),
535 1541 110 29 Notaire,
664 1548 90 17 avenue
771 1541 83 24 Borri-

164 1581 89 31 glione,
263 1581 58 23 villa
339 1580 97 24 Pineau.

135 1623 103 21 Planat
253 1620 39 30 (Dr
306 1619 84 30 Félix),
406 1620 108 24 Médecin
528 1626 29 17 en
573 1619 64 31 Chef
653 1621 29 23 de
705 1620 85 25 CAsile
812 1621 42 24 des

166 1655 109 29 Aliénés,
291 1658 69 20 route
375 1655 29 24 de
419 1654 147 28 Saint-Pons,
582 1655 56 23 villa
653 1654 126 25 StMichel.

136 1696 103 22 Planta
253 1694 40 29 (D'
306 1694 49 30 de),
371 1693 65 24 boul.
452 1693 31 23 du
500 1694 151 28 Czarewitch,
668 1693 57 25 villa
739 1694 71 31 Rozy.

136 1734 185 22 Plastounoff
335 1732 58 30 (M"'
408 1732 48 30 de),
474 1733 35 27 43,
526 1740 42 16 rue
583 1731 77 25 Cotta.

136 1775 109 21 Poirier
260 1772 56 30 (E.),
332 1773 95 22 chemin
442 1772 29 22 de
485 1771 148 29 Montboron,
650 1772 58 23 villa
720 1773 33 23 les
764 1772 90 24 Crêtes.

136 1811 141 28 Polejaeff
290 1810 58 31 (M.),
364 1812 52 27 109,
433 1809 146 32 promenade
594 1810 41 23 des
649 1810 107 31 Anglais.

137 1854 104 21 Pomar
269 1851 59 30 (Duc
354 1849 49 32 de),
432 1850 76 31 palais
545 1849 109 32 Tyranti,
686 1851 38 29 12,
756 1857 41 16 rue
826 1850 29 24 de

168 1884 237 25 l'Hôtel-des-Postes.

138 1927 131 22 Ponthus
283 1923 46 31 (C"
344 1922 48 31 de),
407 1924 38 27 23,
464 1930 42 16 rue
520 1922 30 24 de
564 1922 22 24 la
597 1923 74 23 Buffa.

139 1965 112 22 Portois
262 1962 75 32 (M"*),
349 1961 240 29 villaMarie-Louise,
598 1961 92 25 chemin
701 1961 153 25 Sll-Thérèse.

140 2004 176 27 Poschinger
333 2002 39 30 (Le
387 2000 125 25 Chevalier
526 2001 47 29 de),
586 2002 36 28 16,
637 2009 90 16 avenue
740 2001 115 24 Masséna.

140 2044 53 21 Pot
207 2041 127 30 (Charles),
350 2041 141 30 Ingénieur,
502 2041 23 27 6,
539 2040 66 23 boul.
614 2039 167 32 Victor-Hugo.

141 2083 127 21 Potocka
281 2080 73 29 (C'
372 2079 141 31 Henriette),
524 2080 37 27 29,
570 2086 88 17 avenue
668 2079 120 29 Beaulieu,
801 2080 57 23 villa

174 2110 107 25 Potocki.

143 2150 119 24 Potocki
273 2149 63 30 (C"),
347 2150 37 28 21,
395 2156 108 24 promen.
510 2148 42 24 des
560 2148 107 32 Anglais,
678 2148 57 25 viUa
750 2149 106 23 Potocki.

145 2189 237 28 Pousse-Juchet,
400 2189 130 23 Directeur
547 2189 29 23 de
590 2188 24 25 la
634 2188 34 25 O
684 2188 117 25 Générale
816 2190 42 24 des

177 2224 80 28 Eaux,
271 2224 37 27 24,
324 2229 42 17 rue
380 2222 129 25 GiotTredo.

899 172 90 21 Pozzo
1001 171 29 21 di
1039 172 95 26 Borgo
1145 169 67 34 (D'et
1225 169 40 34 M–)
1278 169 26 34 #,
1317 169 107 34 40,boul.
1437 169 147 34 Victor-Hugo

899 211 92 20 Pozzo
1008 209 28 22 di
1053 211 92 26 Borgo
1172 209 42 30 (Cu
1237 209 121 31 François)
1383 211 32 31 [et
1438 211 63 24 C"
1522 214 43 22 née
1586 212 30 24 de

930 244 182 31 Chastillon],
1127 245 22 27 2,
1165 252 42 16 rue
1220 244 174 33 d'Angleterre.

900 284 140 27 Prodgers
1059 282 56 30 (Mm«
1134 283 140 30 Elisabeth),
1292 284 35 29 19,
1343 285 145 30 promenade
1507 286 42 24 des
1564 287 52 24 An-

931 318 59 31 glais
1007 317 33 31 [!
1059 318 73 31 7.67].

901 359 125 26 Pultney
1041 357 106 30 (Major),
1162 359 38 28 57,
1215 358 129 24 boulevard
1359 359 173 33 Victor-Hugo.

901 398 197 27 Puyraimond
1114 397 90 30 (Alfred
1219 397 48 31 de),
1282 400 37 28 24,
1334 406 88 17 avenue
1437 400 30 24 de
1480 400 121 26 Beaulieu.

901 488 101 30 Querci
1018 488 57 31 (M™-
1089 489 49 31 de),
1153 493 22 26 4,
1187 499 42 15 rue
1244 491 83 25 Dante.

901 530 147 24 Quervain
1062 529 85 30 (Emile
1163 530 47 30 de),
1229 532 37 28 18,
1286 538 42 17 rue
1352 532 124 29 Adélaïde,
1503 533 59 24 villa
1585 534 34 24 les

936 559 125 25 Violettes.

902 599 158 25 Quincenet
1073 597 72 32 (C"–
1160 600 47 30 de),
1222 601 23 28 9,
1265 601 67 31 place
1345 601 116 25 Musséna.

902 637 208 31 Quincenet(C"
1118 638 82 24 Désiré
1212 639 48 31 de),
1272 648 92 16 avenue
1373 641 43 24 des
1424 641 127 33 Orangers,
1562 643 59 25 villa

932 672 120 24 Arminio.

904 757 157 24 Radziwill
1078 758 63 30 (P-),
1160 760 35 28 12,
1211 766 42 16 rue
1267 760 29 23 de
1311 760 84 24 l'Hôtel
1412 761 41 24 des
1469 761 90 24 Postes.

905 797 133 22 Raffaëlli
1052 799 34 21 de
1100 799 130 28 Galléan,
1244 800 23 28 4,
1283 807 42 15 rue
1340 799 129 25 Gioffredo.

905 837 125 22 Raiberti
1048 836 160 31 (Flaminius),
1224 839 94 29 Député
1330 840 41 23 des
1388 840 232 30 Alpes-Maritimes,

934 871 38 28 21,
988 877 43 16 rue
1045 871 32 23 du
1092 871 86 25 Palais.

906 912 159 23 Romakers
1075 911 167 32 {Commandant
1257 911 45 32 T.)
1312 914 35 29 #,
1358 915 37 27 31,
1407 921 37 17 av.
1454 914 167 28 Notre-Dame.

906 951 137 22 Ramonet
1060 950 38 29 (Dr
1112 950 48 31 A.),
1176 953 36 27 17,
1231 951 131 24 boulevard
1377 953 167 32 Dubouchage.

906 991 120 21 Randon
1039 990 40 29 (M.
1095 993 23 20 et
1132 990 48 24 M–
1191 991 127 31 Philippe),
1328 993 149 29 Architecte,
1497 995 23 27 4,
1532 1001 91 17 avenue

935 1023 131 30 Mirabeau,
1081 1024 108 31 pavillon
1202 1025 94 25 Louise.

906 1065 119 22 Randon
1039 1064 39 30 (M.
1101 1068 24 20 et
1147 1064 67 31 Mml),
1228 1066 149 30 Architecte,
1392 1069 37 26 31,
1451 1074 91 18 avenue
1556 1068 29 24 de
1600 1069 23 25 la

937 1103 70 23 Gare.

906 1144 140 27 Raynaud
1063 1143 45 29 (Cl°
1122 1143 48 31 de),
1188 1144 26 24 0.
1283 1146 36 28 40,
1332 1152 41 17 rue
1388 1146 133 25 Pastorelli.

907 1183 140 28 Raynaud
1058 1181 54 33 (Mm*
1125 1181 121 33 Antonin),
1262 1192 89 16 avenue
1362 1185 109 32 Lympia,
1483 1187 59 23 villa
1557 1187 66 32 Ray-

937 1217 64 23 naud
1016 1216 34 31 [7.
1068 1217 72 31 7.43].

907 1257 125 23 Reboux
1055 1256 35 31 (M.
1118 1256 66 32 Paul)
1208 1258 33 31 [et
1256 1258 48 24 M"'
1328 1260 42 22 née
1401 1261 163 31 Lucienne],
1585 1263 38 28 15,

937 1296 137 24 boulevard
1088 1296 30 24 de
1134 1295 24 25 la
1171 1297 72 24 Gare.

908 1338 119 20 Reculot
1042 1335 104 31 (C""de),
1159 1335 104 31 16,boul.
1278 1337 165 33 Dubouchage,
1451 1339 59 24 villa
1517 1340 114 34 Reculot.^

907 1376 123 27 Regnier
1048 1375 183 30 (Commandant
1244 1375 47 31 E.),
1306 1377 37 28 &,
1360 1378 35 28 17,
1418 1385 42 15 rue
1485 1378 29 24 de
1538 1378 85 25 l'Hôtel

937 1409 43 24 des
993 1410 93 23 Postes.

909 1451 162 22 Rehbinder
1089 1449 36 29 (A.
1143 1450 48 29 de),
1207 1450 58 24 villa
1278 1451 72 28 Lena,
1366 1451 22 30 8,
1404 1459 36 17 av.
1457 1451 129 25 Mirabeau.

908 1489 118 22 Renaud
1040 1488 204 31 (Commandant),
1259 1490 58 23 villa
1330 1490 120 28 Massiéra,
1468 1499 43 16 rue
1525 1492 100 26 Miçhel-

937 1524 75 29 Ange.

909 1564 126 21 Renesse
1045 1562 45 31 (C"
1109 1566 25 20 et
1150 1563 62 24 C'
1226 1564 100 25 Camille
1342 1565 48 31 de),
1408 1568 29 28 fa
1455 1566 29 24 de
1502 1566 124 29 beaulieu,

937 1603 23 26 3,
978 1608 90 17 avenue
1087 1602 28 23 de
1132 1602 119 26 Beaulieu.

909 1643 129 21 Reumon
1052 1643 35 21 de
1101 1644 132 28 Poligny,
1247 1644 93 23 chemin
1355 1644 29 24 de
1395 1645 96 29 Cimiez,
1503 1645 58 23 villa
1570 1645 53 24 Zoé.

910 1681 104 23 Ribotti
1029 1681 28 22 di
1071 1681 160 24 Mirolieras
1246 1682 74 29 (M»«\
1337 1684 35 27 10,
1388 1684 66 29 place
1470 1683 131 25 Garibaldi.

909 1720 76 22 Ricci
1000 1719 50 30 (J.),
1066 1727 90 17 avenue
1171 1720 170 33 Shakespeare,
1357 1723 58 22 villa
1429 1722 80 24 Lucie.

910 1759 76 22 Ricci
1002 1757 113 31 (Lazare),
1132 1760 50 28 136,
1198 1767 42 16 rue
1254 1761 30 22 de
1298 1761 96 24 France.

909 1799 128 21 Ricketts
1052 1797 38 31 (M.
1107 1802 24 19 et
1143 1798 48 24 M~"
1206 1799 45 30 C.),
1267 1801 37 27 23,
1313 1799 129 24 boulevard
1457 1800 166 33 Dubouchage.

909 1837 116 22 Ricourt
1039 1838 34 21 de
1088 1839 137 27 Bourgiès
1241 1837 76 30 (M»1),
1331 1839 23 26 6,
1373 1847 43 15 rue
1430 1839 134 25 Pastorelli.

910 1876 109 23 Rivera
1036 1876 35 30 (M.
1083 1880 24 19 et
1120 1876 48 23 M1"1
1179 1877 105 30 Eugénio
1300 1877 49 31 M.),
1367 1879 58 23 villa
1440 1879 108 25 Mireille.

910 1915 168 29 Robécourt,
1093 1916 44 21 née
1161 1915 29 23 de
1216 1918 183 27 Tocqueville
1420 1918 73 30 (ty–
1517 1918 48 31 de),
1586 1921 38 27 38,

939 1954 131 23 boulevard
1085 1954 174 31 Victor-Hugo,
1274 1956 58 23 villa
1349 1956 80 25 Blanc.

911 1994 131 27 Robiglio
1068 1992 72 31 (C1"1"
1153 1993 106 31 Joseph),
1274 1995 57 24 villa
1348 1995 118 32 Robiglio,
1479 1998 38 27 97,
1528 2005 97 23 prome-

940 2032 62 23 nade
1018 2031 44 25 des
1076 2032 108 30 Anglais.

912 2072 130 27 Robiony
1058 2071 139 31 (François),
1212 2074 36 28 57,
1267 2082 41 15 rue
1322 2074 28 23 de
1366 2075 96 23 France.

912 2112 131 26 Robiony
1073 2110 56 30 (E.),
1157 2113 139 29 Ingénieur,
1330 2114 37 28 29,
1397 2113 146 31 promenade
1586 2114 41 24 des

941 2148 108 31 Anglais.

913 2189 288 31 Robtony-Crebasse,
1233 2190 59 25 villa
1327 2192 110 29 liornala,
1472 2191 95 24 chemin
1597 2192 30 24 de

945 2223 84 24 Bellet.
