1749 2481
529 78 62 31 PLI

1284 78 71 31 POL

180 172 279 26 PLINVAL-SALGUES
471 172 46 30 (V"
528 171 73 25 Henri
615 172 49 30 de),
680 173 90 22 mêmes
785 171 118 24 adresses.

180 213 140 30 PLINVAL,
346 214 42 22 née
411 212 36 23 LE
471 211 93 24 MAIRE
589 212 30 23 de
646 211 76 25 SARS
745 211 38 24 LE
805 210 99 25 COMTE

212 249 72 30 (B""
299 248 49 30 de),
364 249 36 28 15,
418 255 42 16 rue
475 247 82 24 Mesnil
572 248 68 29 (xvi")
699 251 25 18 et
734 254 29 15 au
775 246 131 24 Petit-Chà-

209 288 56 20 teau
279 282 29 24 de
319 283 121 31 Bergères,
456 282 29 31 Kl
499 282 44 31 j£=
557 282 29 31 gg
601 281 183 32 [E]Montmirail
795 281 109 31 (Marne).

181 322 131 26 PLINVAL
330 322 50 30 (B™
393 321 38 31 de)
447 321 33 31 [et
494 321 63 24 B°»«
572 323 42 22 née
629 320 29 25 de
673 320 126 32 SINETY],
812 322 37 29 15,
862 327 44 17 rue

211 358 83 24 Mesnil
314 358 67 30 (xvi")
440 360 24 21 et
480 356 82 30 même
582 356 41 30 j&

180 397 121 29 PLOEUC,
315 399 42 22 née
372 396 28 24 de
410 395 136 25 MAUDUIT
559 396 32 23 du
604 395 122 24 PLESSIX
741 394 55 31 (M*
811 394 46 31 de),
868 394 35 31 19,

210 441 43 15 rue
272 432 30 24 de
325 432 120 31 Marignan
468 431 69 30 (vin")
607 435 25 19 et
710 429 29 24 de
757 429 147 32 Guerguélé-

211 468 72 31 gand,
305 473 35 21 Kl
359 465 191 25 Briec-de-l'Odet
565 465 145 32 (Finistère),
729 464 46 32 |j=
790 464 31 32 Ê5
836 464 31 32 [0
882 468 24 20 et

211 504 41 30 Or]
268 503 165 29 Quéménéven
449 502 14 23 3
477 501 44 23 kil.

182 543 112 25 PLOELC
310 542 44 30 (M"
365 542 39 29 de)
422 541 33 31 [et
474 540 47 24 M'"
540 542 42 22 née
601 539 147 33 Magdeleine
765 539 140 32 NACHET],

211 580 22 28 9,
249 585 42 16 rue
313 576 135 31 Montaigne
469 576 71 29 (vin")
603 579 25 20 et
649 575 46 29 fljj
706 575 23 29 de
747 574 159 29 Kerembleis,

217 612 30 31 IS
262 612 45 31 fë=
322 612 45 31 (SI
383 610 50 32 [Or]
448 610 116 30 Quimper
578 610 146 30 (Finistère).
846 610 61 23 H-J

181 652 118 24 PLOYER
316 650 136 32 (Edmond),
464 651 37 28 83,
512 649 65 24 bout.
589 650 151 23 Hanssmann
756 649 82 30 (vm-).
854 649 51 23 AL

181 690 143 26 PLUMMER
341 690 107 31 (Henry),
464 691 38 27 21,
517 696 43 17 rue
574 689 30 24 de
617 688 124 31 Marignan
756 689 71 30 (vm-)
883 692 24 19 et

211 726 165 24 àls-sur-Tille
393 724 151 32 (Côte-d'Or).
851 724 55 23 UA

182 765 122 26 PLLMON
335 765 120 31 (Eugène),
480 764 100 30 Avocat,
604 764 100 24 docteur
723 769 29 18 en
778 764 76 28 droit,
879 764 29 22 de

212 801 165 25 l'Université
395 800 29 24 de
438 800 155 30 Heidelberg,
614 800 36 29 16,
667 805 91 17 avenue
776 798 131 24 Friedland

214 836 71 30 («!!•)
300 835 34 30 [f.
346 834 104 31 335.04].

182 869 108 31 PLL'VIÉ
308 875 45 30 (M.)
370 875 35 30 [et
425 874 48 23 M»'
493 874 44 22 née
559 873 132 24 Madeleine
714 872 38 24 LE
774 872 132 25 GOXIDEC

212 911 29 23 de
255 909 168 31 TRAISSAN],
439 910 38 28 59,
493 916 45 15 rue
551 908 43 24 des
609 907 171 25 Saints-Pères
804 908 72 30 (viv).

182 949 116 26 POCHET
327 950 29 23 de
380 948 93 24 TINAN
498 947 214 30 (Louis-Bernard),
737 948 52 29 106,
816 955 92 16 avenue

213 985 87 24 Kléber
315 985 67 30 (xvi")
436 987 24 20 et
476 983 59 23 villa
547 983 33 24 Le
597 983 53 23 Pire
665 985 14 20 à
694 982 212 30 Sainte-Adresse,

218 1020 36 31 SI
272 1020 36 31 ÎF
329 1018 194 26 Sainte-Adresse
542 1017 247 32 (Seine-Inférieure),
807 1017 41 27 gg
870 1017 36 32 [0]

213 1056 33 23 Le
260 1055 86 23 Havre.

183 1095 93 25 POCHET
292 1093 28 26 de
337 1093 72 25 Tinan
455 1093 55 24 voir
523 1093 70 26 aussi
606 1092 30 24 de
654 1091 85 24 Tinan.

183 1133 219 26 POGGIO-SUASA
424 1131 137 30 RUSPOLI,
585 1133 43 22 née
651 1130 109 25 CLRTIS
770 1132 74 30 (P"»«
858 1131 49 30 de),

215 1171 37 28 13,
263 1168 132 24 boulevard
410 1168 41 23 des
466 1167 119 24 Invalides
597 1167 73 30 (vu1).

184 1213 153 25 POIGNANT
353 1214 6 29 (
376 1212 111 31 Georges)
504 1211 34 31 [et
551 1211 48 24 Mme
619 1213 44 21 née
677 1211 29 23 de
723 1211 132 31 LEUSSE],
871 1213 37 27 11,

213 1256 43 17 rue
280 1247 232 33 Dupont-des-Loges
539 1247 63 30 (vu*)
667 1249 24 20 et
708 1248 16 21 à
740 1246 169 24 Reichshoffen

215 1284 113 30 (Alsace).
857 1281 52 23 AL

187 1322 127 26 POILPOT
340 1320 150 31 (Théodore),
507 1320 26 24 0.
550 1321 36 28 #,
604 1320 33 30 [et
650 1320 49 24 M–
714 1321 43 26 né.e
768 1319 142 25 CARRIER-

214 1356 174 30 BELLEUSE],
416 1357 36 28 11,
476 1362 43 16 rue
543 1355 124 30 Dufrénoy
691 1355 91 30 (xvi°)
797 1355 15 30 –
832 1359 26 19 et
877 1354 32 23 Le

214 1392 108 29 Prieuré,
336 1394 14 20 à
366 1391 100 30 Craissy
479 1389 203 31 (Seine-et-Oise).

187 1429 151 33 POLNCARÉ
354 1434 100 31 (Henri),
471 1433 26 24 0.
514 1434 38 29 #,
567 1434 107 23 Membre
688 1434 30 23 de
733 1433 123 25 l'Institut
877 1433 34 31 [et

216 1472 48 23 M™
276 1472 42 22 née
328 1469 305 31 POULAIN-d'ANDECY],
644 1469 38 29 63,
694 1475 42 16 rue
751 1468 159 24 Claude-Ber-

217 1505 60 25 nard
294 1505 53 31 (v).

186 1544 158 25 POIN'SINET
354 1543 30 25 de
394 1543 68 25 SiVti
468 1547 7 25 ï
500 1546 41 21 née
550 1545 10 22 J
567 1546 14 21 L
588 1543 68 24 KIEN
667 1542 30 24 de
706 1542 40 24 LA
756 1538 154 29 GRAVIÈRE

217 1580 57 30 (M~
293 1580 51 29 A.),
369 1580 37 28 13,
430 1585 89 17 avenue
542 1577 30 24 de
599 1577 121 24 Tourville
744 1579 62 29 (vu")
887 1582 23 19 et

216 1615 58 23 villa
288 1613 172 31 Saint-Joseph,
476 1615 14 21 à
507 1612 194 25 Villers-sur-Mer
718 1613 145 30 (Calvados).

186 1659 107 25 POIRET
311 1658 99 32 (Fréd.),
434 1659 38 28 #,
487 1657 214 25 Administrateur
715 1658 32 23 du
763 1658 103 24 Chemin
881 1658 30 23 de

215 1696 41 29 fer
271 1695 33 23 du
318 1695 66 23 Nord
399 1693 32 31 [et
445 1693 48 23 M»'
513 1695 42 22 née
574 1691 200 31 BELLANGER],
798 1694 53 28 116,
871 1699 37 17 av.

216 1729 41 23 des
286 1728 218 32 Champs-Elysées
523 1728 71 30 (vin*)
622 1728 34 29 [f.
673 1728 94 30 521.75]
834 1731 24 20 et
886 1728 23 28 5,

217 1770 90 17 avenue
321 1762 125 25 d'Aumale
462 1761 56 31 [15],
534 1761 124 31 Chantilly
678 1761 82 30 (Oise).

187 1802 106 25 POIRET
311 1801 100 31 (Henri),
436 1801 60 29 luge
508 1807 32 17 au
557 1801 119 23 Tribunal
692 1801 30 23 de
745 1800 24 24 la
789 1801 73 23 Seine
877 1800 34 31 [et

216 1838 47 23 M-
276 1838 42 22 née
334 1835 129 24 ROBIXOT
475 1834 29 23 de
514 1834 39 24 LA
568 1834 201 31 PICHARDAIS],
780 1837 15 20 à
804 1834 106 24 Gonesse

218 1871 195 28 (Seine-et-Oise).

187 1915 138 29 P01RS0N,
350 1916 43 22 née
417 1912 157 25 CUTHBERT
599 1913 58 30 (M-
675 1913 79 30 Paul),
777 1915 36 28 18,
841 1914 69 30 place

217 1950 161 26 Malesherbes
393 1944 86 35 (xvii»).

188 1988 129 28 POIRSON
333 1987 131 31 (Charley),
479 1986 78 25 même
572 1986 104 25 adresse.
854 1988 56 23 UA

187 2028 125 26 POISSON
327 2026 69 31 (B»"j,
407 2027 38 28 30,
456 2033 89 16 avenue
555 2026 32 23 du
599 2026 132 23 Trocadéro
747 2026 70 30 (xvi")
826 2028 15 27 –
856 2028 45 27 jfo

217 2065 30 23 de
260 2063 120 30 Verdilly,
396 2061 29 31 Kl
439 2061 44 31 t?=
497 2061 29 31 El
540 2061 37 31 IN]
594 2060 227 33 Château-Thierry,
836 2062 15 22 5
865 2061 43 23 kil.

218 2100 100 30 (Aisne).
854 2097 56 23 UA

188 2139 125 24 POISSON
328 2136 102 32 (Alfred)
446 2135 33 31 [et
488 2135 48 23 M-
551 2137 42 22 née
607 2135 116 31 CLERC],
737 2136 16 22 6
763 2136 47 28 bis,
819 2143 92 16 avenue

218 2174 151 23 Mac-Mahon
384 2172 77 29 (xvii")
477 2170 34 31 [J.
529 2166 93 35 572.58]
680 2174 25 19 et
719 2178 12 13 «
746 2170 32 24 Le
797 2171 75 30 Camp
888 2179 21 21 »,

223 2208 80 31 I3|j=
320 2206 177 25 Louveciennes
511 2204 210 32 (Seine-et-Oise),
793 2206 36 31 [N]
846 2206 64 23 Bou-

217 2242 64 30 gival
294 2247 24 19 et
334 2243 22 23 la
371 2240 242 25 Celle-Saint-Cloud.
773 2241 138 24 AC-B-H

959 170 79 31 POIX,
1055 173 42 22 née
1112 171 28 24 de
1155 171 143 25 COURVAL
1314 172 38 30 (de
1371 171 160 31 NOAILLES,
1548 172 65 23 P""«
1637 172 48 29 de),

987 207 25 29 6,
1026 214 45 16 rue
1092 207 165 32 Paul-Baudry
1273 209 70 29 (vme)
1361 207 35 31 [3i
1418 208 105 31 521.47],
1538 207 14 24 –
1566 207 118 24 Pavillon

989 242 111 28 Courval,
1119 244 16 21 à
1155 242 121 24 Trouville
1296 242 145 31 (Calvados),
1464 245 16 27 –
1496 245 50 27 (êî
1572 242 30 24 de
1625 242 63 24 Mou-

988 277 56 30 chy,
1060 277 40 31 Kl
1120 277 40 31 ^=
1213 277 39 32 [>']
1267 277 201 32 Heilles-Mouchy
1484 278 73 30 (Oise)
1617 280 24 27 et
1653 280 24 27 fa

989 311 29 23 de
1033 311 82 30 Pinon,
1127 312 27 31 Kl
1167 312 40 31 Js=
1222 313 65 29 Pinon
1300 313 104 29 'Aisne),
1414 314 40 27 èS
1465 313 38 31 [NJ
1515 313 170 31 Anisy-Pinon.

959 345 121 25 POLACK
1095 347 116 30 (Adrien),
1228 349 36 28 #,
1276 349 140 23 Secrétaire
1431 349 133 23 honoraire
1578 349 43 23 des
1636 349 53 22 che-

990 382 65 23 mins
1069 382 30 23 de
1112 383 40 29 fer
1166 383 30 23 de
1206 379 76 28 l'État
1297 383 34 31 [et
1349 383 50 23 M-«
1423 384 43 24 née
1484 383 153 31 RICHARD],
1650 384 37 29 12,

988 423 43 17 rue
1046 416 235 29 François-Ponsard
1301 418 66 30 (xvi»)
1384 417 35 31 [7.
1437 418 104 30 698.80].

959 449 359 28 POLEON-SAINT-GEORGE
1343 452 46 30 (M"
1410 452 39 29 de)
1475 452 34 31 [et
1531 452 47 24 M1"
1598 453 43 24 née
1657 452 30 25 de

988 485 256 33 PAMSSE-PASSIS],
1266 489 36 28 11,
1322 495 44 17 rue
1386 487 29 24 de
1431 487 125 32 Marignan
1571 488 71 29 (vm«)-

989 525 26 19 et
1036 523 28 27 t&
1086 521 29 23 de
1130 521 96 30 Poléon,
1247 522 31 32 [3
1293 522 46 32 f^=
1354 522 31 32 £l
1398 521 46 32 [Et]
1456 521 232 32 Saint-Georges-du.

990 556 55 23 Bois
1060 556 286 31 (Charente-Inférieure).
1616 558 71 22 A-H

960 590 116 25 POLHES
1099 591 72 30 (B°™>
1194 592 78 24 Alhau
1298 593 30 25 de
1348 592 202 24 MAUREILHAN
1572 592 38 30 de)
1636 592 52 31 [née

990 626 184 24 Marie-Thérèse
1183 627 29 23 de
1223 627 110 32 GIMEL],
1343 629 37 28 36,
1392 634 43 17 rue
1447 627 163 24 Saint-Didier
1618 628 68 31 (xvi-)

1032 665 24 20 et
1065 663 28 28 {&
1102 662 35 23 La
1145 662 145 32 Varengère,
1305 665 15 21 à
1334 662 104 29 Amblie,
1460 668 34 21 si
1512 662 119 32 Creuilly,

991 696 36 31 [0]
1045 697 241 32 Bretteville-.Norrey
1302 697 146 26 (Calvados).

960 730 78 31 POU,
1067 733 42 22 née
1137 732 30 23 de
1195 732 307 25 CHOISEL'L-GOUFFIER
1536 733 76 30 (V"-
1639 732 48 31 de),

989 767 31 22 53
1035 767 47 28 bis,
1097 767 132 23 boulevard
1244 768 90 24 Suchet
1348 768 80 30 (xvi°).

961 800 170 25 POLIAKOFF
1142 801 61 31 (Elie
1217 801 48 31 de),
1277 804 55 28 152,
1345 804 82 28 avenue
1442 802 149 31 Victor-Hugo
1604 802 81 31 (xvi»)

990 838 14 27 –
1018 838 28 27 et
1060 838 42 27 {fe
1127 835 28 25 de
1171 836 50 24 l'Ile
1240 837 29 24 de
1293 837 196 30 Sainte-Hélène,
1510 843 34 21 IS1
1571 837 117 31 Romilly-

990 871 151 24 sur-Andelle
1158 872 88 30 (Eure).
1592 873 97 23 AC-H

961 905 168 24 POLIAKOFF
1155 906 98 30 (Lazare
1278 907 49 30 de),
1347 908 38 28 #,
1407 907 138 25 Conseiller
1564 909 75 29 privé
1659 908 31 24 de

990 941 26 23 S.
1033 942 31 22 M.
1081 941 154 30 l'Empereur
1246 943 30 23 de
1290 943 92 24 Russie
1396 942 34 31 [et
1448 943 69 31 M™"],
1541 945 38 27 50,
1599 950 90 16 avenue

991 976 32 23 du
1035 976 222 32 Bois-de-Boulogne
1272 978 69 30 (xvi")
1394 982 23 18 et
1431 980 38 28 8",
1481 978 66 23 boul.
1563 978 125 30 Tverskoï,

991 1013 15 20 à
1016 1010 93 25 Moscou
1127 1011 112 32 (Russie).

961 1045 152 26 POLIGNAC
1129 1047 59 30 (Duc
1204 1046 47 32 de),
1268 1049 23 28 3,
1307 1055 92 16 avenue
1421 1048 30 23 du
1468 1048 136 24 Trocadéro
1621 1048 69 31 (xvi°)

1036 1086 24 19 et
1078 1084 27 27 s5j
1123 1082 29 23 de
1167 1082 104 31 Londes,
1287 1086 15 20 à
1315 1083 179 31 Canappeville,
1517 1083 45 32 IS!
1577 1083 30 32 ^=
1628 1083 63 23 Hon-

991 1117 107 23 douville
1113 1117 90 30 (Eure),
1218 1120 40 27 {g
1274 1118 36 31 [0]
1327 1118 124 24 Louviers.
1671 1119 18 24 J

962 1150 151 25 POLIGNAC
1124 1152 47 30 (V"
1181 1152 39 30 de)
1237 1152 33 32 [et
1280 1152 67 24 V'«"
1362 1154 43 23 née
1420 1153 65 24 P"»«
1499 1153 30 24 de
1544 1152 147 26 BAUFFRE-

991 1185 102 31 MO^'T],
1104 1187 38 29 25,
1157 1194 44 17 rue
1210 1186 30 26 de
1250 1188 98 24 Lubeck
1358 1188 70 30 (xvia)
1480 1193 24 20 et
1519 1190 68 27 même
1672 1189 17 24 J

962 1219 152 26 POLIGNAC
1137 1221 44 29 (P~
1206 1222 71 25 Henri
1301 1222 49 30 de),
1371 1223 151 25 Lieutenant
1535 1231 33 17 ait
1585 1224 62 24 103'
1659 1224 32 24 de

993 1257 77 29 Ligne
1092 1256 33 30 [et
1144 1256 66 24 P«–
1233 1259 41 22 née
1297 1257 74 24 Diane
1401 1258 30 23 de
1451 1258 171 31 POLIGNAC],
1651 1260 38 28 26,

992 1298 91 16 avenue
1097 1291 137 31 Montaigne
1250 1293 69 30 (vin")
1379 1297 24 18 et
1419 1295 29 27 {^
1463 1294 31 23 de
1505 1293 134 29 Kerbastic,
1650 1298 35 21 Kl

996 1326 38 30 fë=
1109 1326 35 31 [0]
1161 1326 79 25 Geste]
1260 1328 151 29 (Morbihan).
1673 1329 17 22 J

962 1360 151 25 POLIGNAC
1138 1362 45 25 (P"
1198 1362 101 24 Camille
1318 1363 38 30 de)
1381 1363 34 31 [et
1429 1363 64 23 P»-
1514 1365 43 22 née
1575 1363 113 24 KNIGHT

993 1396 26 23 of
1027 1396 210 33 WOLVERLEY],
1247 1398 58 24 villa
1314 1397 85 29 Jessie,
1410 1400 15 21 à
1434 1398 94 24 Cannes
1539 1398 150 32 (Alpes-Ma-

992 1431 104 30 ritimes)
1156 1436 24 19 et
1203 1434 28 28 (^
1253 1433 166 30 de*Podwein,
1439 1438 35 21 Kl
1494 1433 199 25 Radmannsdorf

995 1466 262 32 (Carniole-Autriche).
1598 1470 91 23 J-UA

964 1499 159 27 POLIGNAC.
1140 1503 42 22 née
1197 1502 107 25 SI\GER
1322 1504 73 30 (P"–
1404 1503 111 25 Edmond
1530 1504 49 30 de),
1590 1504 37 29 43,
1639 1511 10 16 d
1659 1511 31 16 ve-

994 1543 47 17 nue
1047 1536 167 25 Henri-Martin
1224 1538 35 30 fl,
1270 1538 35 30 rue
1316 1538 374 32 Cortamberf]()isi')[7M5.Si]

1037 1575 24 20 et
1075 1572 97 24 Palazzo
1186 1572 179 30 Montecuccoli,
1388 1573 73 25 Canal
1486 1574 106 30 Grande,
1613 1576 14 22 à
1640 1573 50 25 Ve-

993 1606 52 24 nise
1061 1606 94 32 (Italie).

963 1640 160 30 POLIGNAC,
1146 1643 43 22 née
1210 1642 30 25 de
1263 1643 144 23 POMMERY
1431 1643 84 31 (M'"),
1529 1643 42 31 26,
1598 1651 91 16 avenue

993 1676 134 31 Montaigne
1149 1678 72 29 (vin')
1238 1678 34 31 [35
1291 1678 94 30 534.05]
1403 1681 20 27 –
1443 1681 41 27 fo
1509 1678 30 23 de
1555 1678 133 30 Kerbastic,

998 1717 34 20 Kl
1054 1711 37 31 fe=
1110 1713 39 27 (S
1165 1712 37 31 |O]
1227 1712 80 24 Gestel
1328 1713 142 30 (Morbihan)
1549 1718 23 18 et
1590 1715 36 27 18,
1647 1721 42 17 rue

993 1746 132 29 Andrieux,
1139 1748 14 20 à
1168 1746 82 24 Reims
1264 1747 108 30 (Marne).

964 1780 151 24 POLIGNAC
1132 1780 44 30 (Mu
1190 1781 49 30 de),
1255 1783 89 22 mêmes
1359 1782 118 24 adresses.
1671 1784 18 23 J

963 1814 150 24 POLIGNAC
1134 1815 44 29 (C'«
1193 1815 39 31 de)
1248 1816 32 31 [et
1295 1816 63 24 C'
1381 1818 44 22 née
1448 1816 30 24 de
1501 1816 186 32 MONTMORT],

993 1851 22 27 4,
1030 1856 44 17 rue
1087 1849 30 24 de
1131 1849 107 25 Galliéra
1253 1852 68 30 (xvi')
1335 1851 133 32 [1=525.30]
1521 1856 24 19 et
1567 1854 28 27 £&
1619 1852 29 23 de
1665 1853 23 24 la

993 1884 208 31 Voute-Polignac,
1221 1886 29 31 Kl
1264 1886 44 31 fe=
1322 1886 29 31 ~&
1365 1886 44 31 iëk
1434 1887 24 23 la
1476 1887 212 25 Voute-sur-Loire

995 1920 180 30 (Haute-Loire)
1237 1924 23 21 et
1274 1921 58 30 même
1346 1921 43 30 (fa
1636 1923 53 24 A-J

963 1957 151 25 POLIGNAC
1139 1958 43 30 (C
1206 1959 108 25 Maxence
1337 1960 38 30 de)
1399 1960 33 30 [et
1456 1961 64 23 C
1542 1963 43 22 née
1605 1961 30 24 de
1649 1961 39 24 LA

993 1993 106 31 TORRE],
1114 1993 45 31 jês
1179 1993 29 23 de
1220 1995 138 30 Kerscamp,
1379 1994 36 32 Kl
1433 1994 54 32 fe=
1505 1994 18 32 M
1539 1996 50 32 [Or]
1601 1997 82 24 Henné

993 2028 68 29 bout,
1079 2029 13 22 3
1108 2028 42 23 kil.
1168 2028 150 31 (Morbihan).
1661 2033 27 22 A

964 2066 131 24 POLIGNY
1111 2067 44 31 (O
1171 2068 55 23 Just
1240 2069 46 28 de),
1313 2070 147 25 Lieutenant
1478 2078 31 16 au
1526 2073 37 21 16-
1578 2073 110 29 Dragons

994 2102 33 31 [et
1042 2102 23 24 C
1088 2102 71 24 îée
1176 2102 30 24 de
1219 2100 148 35 L01MÈRE],
1379 2106 35 27 10,
1431 2105 130 24 boulevard
1573 2106 115 24 Flandrin

994 2138 70 28 (xvi-)
1082 2137 33 30 [1-
1133 2138 99 32 689-68]
1246 2141 15 28 –
1276 2141 45 28 {Ss
1337 2139 30 24 de
1382 2140 111 28 Lodière,
1515 2144 33 22 Kl
1562 2140 37 31 fc=
1618 2141 73 23 Ville-

994 2171 146 24 aux-Clercs
1159 2172 177 33 (Loir-et-Cher)
1355 2176 28 29 –
1464 2175 30 24 de
1521 2175 166 30 Chardenoux,

1000 2207 32 26 Kl
1048 2207 114 26 Louhaus
1179 2208 216 32 (Saône-et-Loire)
1454 2214 24 20 et
1500 2212 29 28 jêj
1553 2210 29 24 de
1592 2210 24 25 la
1629 2210 59 24 Ber-

994 2241 80 31 chère,
1094 2247 33 22 Kl
1147 2242 260 35 Nuits-Saint-Georges
1424 2245 154 31 (Côte-d'Or).
1634 2247 56 23 RR
