1749 2481
754 100 297 30 PARIS-MONDAIN

338 200 190 68 CHEMINS
564 202 54 66 DE
656 202 82 66 FER
770 204 54 64 DE
863 203 175 66 L'OUEST
1076 202 52 64 ET
1156 202 62 64 DE
1254 200 220 66 BRIGHTON
1624 164 6 69 i

230 296 438 148 Paris
744 322 90 125 à
911 296 667 155 Londres

388 484 88 44 Via
496 484 226 54 ROUEN,
742 484 228 46 DIEPPE
988 489 50 41 et
1057 482 361 48 NEWHAVEN

823 554 39 24 P'
879 554 45 24 A
940 554 42 25 R

268 596 118 62 LA
452 596 270 66 GARE
792 594 747 68 SAINT-LAZARE

442 718 205 34 SERVICES
673 719 191 34 RAPIDES
889 718 52 34 DE
963 719 115 33 JOUR
1106 718 48 32 ET
1180 717 51 33 DE
1256 716 103 33 NUIT

347 771 103 44 Tous
480 771 66 44 les
575 773 128 50 jours
730 771 277 50 (Dimanches
1035 771 44 43 et
1108 772 124 43 Fétes
1262 768 205 53 compris)

640 833 64 30 ET
743 832 178 32 TOUTE
966 825 214 38 L'ANNÉE

314 879 22 29 à
364 879 46 29 10
438 880 143 30 heures
606 880 49 29 20
684 881 52 29 du
762 880 127 30 matin
918 881 38 28 et
983 880 23 29 à
1031 880 23 28 9
1081 880 144 28 heures
1251 878 48 29 20
1327 878 52 28 du
1406 877 82 29 soir

226 922 109 59 Trajet
369 923 39 45 de
441 922 74 59 jour
546 934 38 35 en
618 922 40 46 8
693 924 120 45 heures
847 923 88 45 40
974 922 69 60 (1re
1080 925 32 43 et
1144 922 35 45 2e
1216 922 127 46 classes
1380 919 199 58 seulement)

686 990 174 34 Grande
886 983 236 40 Économie

352 1055 187 38 BILLETS
574 1055 252 39 SIMPLES
862 1055 252 39 BILLETS
1143 1054 164 38 D'ALLER
1334 1054 29 38 &
1392 1052 157 39 RETOUR

309 1105 161 34 Valables
497 1106 149 42 pendant
671 1108 17 31 7
707 1107 101 42 jours
994 1105 166 33 Valables
1183 1104 150 42 pendant
1355 1113 47 22 un
1419 1103 89 31 mois

230 1191 59 31 lro
308 1191 118 31 CLASSE
469 1191 22 34 T
513 1191 135 34 CLASSE
699 1192 30 32 3"
755 1200 120 24 CLASSE
928 1193 39 30 1™
1001 1198 121 24 CLASSE
1155 1190 40 30 "2"
1220 1197 122 23 CLASSK
1393 1187 32 32 3°
1449 1197 126 22 CLASSE

242 1234 169 63 48fr25
477 1237 46 62 35
546 1237 46 62 fr
615 1237 23 62 »
706 1236 21 63 2
748 1236 21 63 3
790 1236 21 63 f
832 1236 42 63 25
941 1236 96 63 82fr
1061 1236 48 63 75
1170 1233 168 63 58fr75
1397 1233 58 62 41'
1484 1233 85 60 50

258 1324 62 25 Ces
335 1324 112 26 billets
462 1326 151 25 donnent
631 1327 29 24 le
676 1325 90 26 droit
782 1325 41 25 de
837 1325 173 30 s'arrêter,
1035 1331 80 19 sans
1132 1324 216 31 supplément
1361 1323 42 24 de
1424 1324 92 31 prix,
1534 1324 18 31 à

345 1357 111 24 toutes
472 1356 48 24 les
533 1362 101 25 gares
647 1356 129 25 situées
795 1361 61 19 sur
872 1356 29 23 le
917 1361 175 25 parcours,
1110 1355 89 25 ainsi
1214 1355 74 30 qu'à
1305 1354 179 30 Brighton.

295 1411 129 26 Service
450 1411 103 34 postal
576 1413 90 25 entre
694 1411 101 31 Paris,
819 1411 30 26 le
873 1412 118 32 Havre,
1011 1412 121 31 Rouen,
1155 1411 121 34 Dieppe
1308 1412 32 26 et
1367 1409 146 28 Londres

295 1472 132 25 Nota.
453 1472 26 25 –
496 1472 54 25 Les
570 1471 91 26 trains
679 1472 38 25 du
736 1471 113 26 service
867 1471 36 26 de
916 1470 68 34 jour
997 1477 84 20 entre
1095 1470 83 27 Paris
1201 1475 28 22 et
1243 1471 112 33 Dieppe
1370 1474 27 22 et
1412 1470 63 27 vice
1498 1478 87 19 versa

229 1509 182 33 comportent
424 1505 52 26 des
490 1504 127 27 voitures
627 1506 35 25 de
674 1506 35 25 1™
724 1505 91 27 classe
830 1505 30 27 et
875 1505 37 27 de
925 1505 28 26 2.
966 1505 94 26 dasse
1069 1507 16 25 à
1099 1505 109 27 couloir
1222 1513 69 19 avec
1307 1505 45 26 W.
1362 1505 29 27 C.
1405 1505 29 27 et
1449 1504 134 32 Toilette,

229 1538 74 28 ainsi
321 1540 88 33 qu'un
425 1544 265 28 wagon-restaurant
742 1548 73 19 ceux
830 1539 37 26 du
886 1538 112 28 service
1019 1540 35 26 de
1071 1540 65 27 nuit
1150 1543 181 30 comportent
1351 1539 50 27 des
1424 1539 130 27 voitures
1569 1540 16 25 à

229 1572 112 27 couloir
355 1574 51 26 des
419 1573 71 27 trois
504 1573 106 28 classes
624 1582 71 19 avec
709 1573 50 27 W.
780 1573 34 27 C.
838 1577 27 22 et
883 1572 130 28 Toilette.

296 1607 39 28 La
354 1609 112 25 voiture
482 1607 34 28 de
536 1609 36 25 lr*
591 1608 94 27 classe
706 1609 16 26 à
741 1606 111 29 couloir
867 1607 51 27 des
934 1608 90 26 trains
1048 1608 35 26 de
1112 1606 60 28 nuit
1191 1612 148 29 comporte
1358 1607 51 27 des
1424 1606 161 35 comparti-

229 1645 95 23 ments
339 1642 17 26 à
373 1642 171 35 e«uc];rettes
557 1642 196 35 (supplément
766 1643 18 26 5
805 1643 97 25 francs
922 1649 52 25 par
992 1641 103 34 place).
1111 1643 54 25 Les
1183 1643 168 26 couchettes
1378 1644 128 31 peuvent
1524 1642 61 24 être

230 1678 136 24 retenues
382 1677 16 24 à
411 1676 130 27 l'avance
556 1685 56 17 aux
629 1685 86 25 gares
742 1676 35 27 de
805 1675 84 27 Paris
908 1679 29 23 et
955 1675 35 27 de
1009 1675 110 36 Dieppe
1139 1680 177 31 moyennant
1334 1684 57 18 une
1415 1680 120 22 surtaxe
1551 1675 35 25 de

230 1709 13 25 1
259 1708 81 27 franc
355 1718 51 25 par
424 1711 161 25 couchette.

319 1768 198 31 GRANDS
553 1769 60 30 ET
645 1768 279 32 PUISSANTS
953 1769 305 35 PAQUEBOTS
1288 1767 213 31 RAPIDES

571 1812 142 26 Affectés
739 1819 40 19 au
812 1811 131 27 Service
966 1812 56 27 des
1053 1814 188 34 Voyageurs

229 1854 129 26 DIFPPE
506 1853 137 28 Machine
657 1853 79 27 6.500
755 1853 133 28 chevaux
933 1854 234 28 Manche.
1207 1853 138 28 Machine
1360 1854 77 27 5.000
1455 1854 133 27 chevaux

231 1888 156 27 Brighton
555 1902 34 5 –
656 1887 79 26 6.500
934 1889 126 27 Sussex
1358 1888 77 27 5.000-

231 1922 148 27 Arundel
554 1937 34 4 –
655 1921 80 28 6.000
932 1922 128 28 Tamise
1358 1923 78 27 5.000
1505 1937 31 6 –-

232 1956 112 27 France
658 1956 78 26 5.000
933 1957 235 26 Paris
1258 1971 33 5 –
1358 1957 78 27 3.500
1502 1972 36 5 –-

310 2013 91 29 Billets
423 2013 99 29 directs
547 2021 67 27 pour
636 2013 192 30 LIVERPOOL,
854 2012 227 34 MANCHESTER,
1107 2013 216 35 BIRMINGHAM,
1344 2013 167 36 GLASGOW,

696 2047 201 44 ÉDIM801JRG,
928 2056 112 33 DUBLIN,
1056 2056 64 33 etc,

308 2101 46 21 Les
368 2107 71 20 gares
453 2101 27 21 de
491 2102 90 26 Rouen,
600 2101 95 26 Dieppe,
710 2101 32 21 Le
761 2101 87 26 Havre,
864 2100 94 24 Etretat,
978 2101 108 27 K-écamp,
1104 2100 29 21 Le
1144 2100 176 27 Tréport-Mers,
1335 2102 253 26 St-Valery-en-Caux,

233 2128 70 25 Caen,
319 2127 252 24 Trouville-Deauville,
584 2127 201 26 Dives-C&bourg,
800 2127 101 22 Evraux,
923 2127 105 26 Baveux,
1043 2127 32 21 Le
1095 2126 74 25 Maas,
1183 2126 93 27 Angers
1298 2128 108 25 (St-Laud
1420 2123 170 31 et'Si-iierge),

234 2153 88 21 Nantes
334 2152 71 28 (Etat)
419 2156 22 18 et
456 2153 142 25 St-Nazaire,
613 2151 112 22 délivrent
740 2152 132 28 également
887 2152 43 22 des
943 2148 77 27 billets
1033 2152 85 21 directs
1141 2153 96 27 simplets
1251 2157 22 18 et
1295 2153 79 22 d'aller
1388 2155 23 20 et
1430 2157 80 18 retour
1532 2160 58 21 pour

235 2179 110 21 Londres.
