1749 2481
1127 97 93 31 Alma
1238 95 142 42 (avenue
1398 94 42 33 de
1460 94 34 41 1')

360 104 184 40 Aguesseau
566 101 75 42 (rue
660 100 44 41 d')

401 204 158 18 AGUESSEAU
577 197 93 30 (suite)

174 247 26 20 J8
227 246 96 22 Colonel
338 245 90 22 Gaétan
443 251 32 15 DE
489 245 42 21 LA
545 238 213 30 BRUNETIÈRE.

228 282 49 21 M–
291 281 137 21 Alexandre
452 286 32 16 DE
509 280 39 21 LA
571 274 183 27 BRUNETIÈRE
805 277 89 21 Saint-

253 315 155 29 Ange-Legé.

228 351 50 21 M-
285 350 154 22 MAGNIER.

227 384 50 24 M"
287 385 75 22 Emile
372 385 80 22 VATIN
496 385 137 27 Pérignon.

227 422 31 21 M.
270 424 22 19 et
301 422 50 20 M»'
363 421 105 22 Maurice
478 413 249 29 VATIN-PÉRIGNON
775 417 118 28 Boullay.

172 457 28 21 20
227 457 31 21 M.
269 457 27 21 et
309 457 40 21 M"1
365 456 135 22 Alexandre
515 448 89 28 ANDRÉ
657 453 96 29 Massy.

173 492 27 21 22
228 492 36 23 C"
280 491 71 22 Henri
368 497 32 16 DE
415 490 124 22 PIERRE.

400 592 164 27 ALBONI
591 590 81 36 (rue)

253 644 63 21 XVI"
331 643 53 22 Arr.
401 643 114 27 (Muette)
530 646 26 20 +-
569 643 61 25 Quai
645 642 29 21 de
689 641 86 28 Passy,
788 641 35 20 22.

236 684 25 19 ->
276 679 68 21 Boul.
359 679 129 21 Delessert,
504 678 32 27 S,
551 681 23 17 et
589 684 42 15 rue
648 677 154 27 Raynouard,
820 678 16 20 1.

285 715 110 21 Paroisse
436 713 196 22 Annonciation
647 712 29 21 de
690 712 89 27 Passy.

188 787 11 19 i
227 786 40 21 V«e
290 787 24 18 et
333 784 71 21 V'«"
432 784 67 21 René
517 783 40 21 LE
581 781 276 23 PELLEY-DUMANOIR

258 820 125 22 Tallobre.

228 856 30 21 M.
275 855 139 21 Emmanuel
429 860 32 15 DE
476 854 94 21 WITT.

190 891 13 20 4
230 890 42 22 B"
291 892 24 19 et
334 888 65 22 B°»«
423 894 32 16 DE
477 888 170 23 CONTENSON
705 888 29 22 de
752 888 40 22 La
809 888 86 21 Motte.

660 917 107 28 [Samedi
782 924 49 21 apr.
842 919 12 21 i
864 918 31 27 h.]

229 955 32 21 M.
275 957 22 18 et
311 954 51 21 M"
372 955 29 20 A.
412 946 174 31 MÉRICANT.
660 917 107 28 [Samedi
782 924 49 21 apr.
842 919 12 21 4
864 918 31 27 h.]

227 991 31 20 M.
270 992 22 18 et
301 989 51 21 M–
362 988 118 22 Maurice
496 988 219 22 TAILLIANDIER:
731 987 164 26 Cordonnier.

652 1019 33 26 [2«
696 1019 22 26 et
732 1019 27 26 i'
772 1019 121 26 Vendredi]

190 1057 12 21 5
229 1056 50 21 M»"
294 1053 121 23 BOURIAT
465 1053 272 23 Dumas-Deseombes.
814 1064 8 7 ·

229 1090 37 23 C»
277 1092 23 19 et
310 1089 67 22 C'
389 1088 66 22 René
470 1088 123 23 BOURIAT
646 1088 134 23 Gramedo.

227 1126 65 20 Bon».
314 1124 61 28 Olga
397 1131 32 14 DE
444 1123 218 23 GREIFFENFELS
715 1123 156 28 Roussanof.

227 1161 31 21 M.
273 1159 106 22 Amédée
394 1159 164 21 L'HUILIER.

228 1196 31 21 M.
274 1198 22 18 et
310 1195 50 20 M°»
375 1195 84 21 Victor
474 1194 140 22 L'HUILIER
661 1194 120 21 Bouriat.

229 1231 37 22 C"
281 1233 23 18 et
317 1230 68 21 C1""
401 1230 108 27 Georges
523 1235 33 15 DE
572 1229 109 22 ZOGHEB
734 1229 105 21 Sinano.

228 1266 40 21 V<«
284 1267 22 19 et
322 1263 68 22 V"M
404 1264 105 26 Jacques
523 1264 29 21 de
567 1263 111 23 ZOGHEB
727 1264 104 22 Sinano.

193 1301 12 21 6
231 1300 45 22 B«.
288 1302 24 18 et
325 1299 65 21 B°™°
408 1298 136 23 d'USSEL:
559 1298 103 21 Darcel.

190 1337 10 19 7
228 1336 31 20 M.
275 1338 23 17 et
313 1334 50 21 M–
377 1333 75 21 Emile
468 1326 132 28 d'ANGÉLY
653 1333 128 26 Conflans.

229 1371 30 21 M.
275 1373 23 18 et
311 1370 51 20 M»»
377 1368 84 22 Daniel
471 1362 143 28 MÉRILLON
661 1368 107 21 Bussac.

225 1404 33 23 M.
273 1407 23 18 et
309 1403 51 22 M"
374 1403 109 27 Georges
498 1402 135 22 REYNAUD
688 1403 147 21 Hauterive.

226 1440 32 21 M.
273 1442 24 19 et
314 1431 34 29 M-
365 1431 119 29 Fernand
501 1431 68 29 PARD
586 1431 34 29 AI
637 1431 221 29 LLHÉ-GALABRUN

253 1475 33 20 Le
300 1473 96 22 Maire.
595 1472 66 27 [trois
677 1472 106 21 derniers
799 1472 95 26 mardis]

227 1510 31 21 M.
273 1508 72 21 Louis
361 1507 159 22 REYNAUD.

189 1544 13 22 8
228 1544 31 21 M.
275 1545 24 19 et
313 1542 50 21 M««
387 1542 136 21 Alexandre
548 1542 152 21 LAMBERT
725 1548 31 15 DE
768 1542 127 22 SAINTE-

253 1577 79 23 CROIX
382 1575 111 24 Gordon.

372 1675 164 27 ALBONI
565 1674 145 36 (Square)

187 1728 11 19 1
227 1726 36 22 C"
278 1729 23 18 et
315 1726 67 21 C'"»
396 1726 83 27 Roger
493 1732 32 15 dk
541 1718 161 29 SÉDIÈRES.

225 1762 50 20 M-«
289 1761 27 21 G.
328 1767 32 15 de
368 1755 86 28 TARDÉ
504 1760 87 29 Bardy
602 1761 29 20 de
646 1760 77 22 Vlsle
768 1761 126 27 [Vendredi

711 1796 98 27 excepté
820 1797 21 21 le
854 1798 39 26 1"]

187 1839 13 22 3
228 1838 31 22 M.
270 1840 22 19 et
301 1837 51 22 M"»
364 1838 72 21 Henri
448 1831 108 29 DUGUÉ
568 1843 33 16 DE
613 1837 279 25 LA'FAUCONNERIE:

252 1872 100 22 Jeanin.

285 1969 403 27 ALFRED-DE-VIGNY
703 1971 79 34 (rue)

176 2025 62 27 VIII;
249 2026 51 21 Arr.
311 2023 246 28 (Faub.-du-Roule).
568 2027 26 19 <-
603 2024 53 21 Rue
666 2025 28 20 de
706 2026 144 26 Courcelles,
860 2028 30 21 80.

391 2063 25 19 ->
431 2059 52 21 Rue
497 2059 29 20 de
542 2058 131 22 Chazelles.

286 2095 106 22 Paroisse
433 2093 347 29 Saint-Philippe-du-Roule.

186 2157 10 20 i
225 2156 31 21 M.
267 2156 81 21 Albert
359 2154 112 23 OUDET.

225 2191 31 19 D>-
266 2188 87 23 L.-M.
370 2188 157 23 PAUTRIER.

225 2225 30 21 M.
266 2225 58 20 Jean
335 2224 99 22 RIBES.

182 2258 14 20 4
227 2259 31 21 M.
269 2258 86 22 Victor
365 2258 159 22 DEMONTS.

1119 198 257 19 ALFRED-DE-VIGNY
1396 190 96 30 (Suite).

959 246 13 21 6
999 245 42 20 B°»
1055 248 23 18 et
1092 245 65 21 B*
1174 244 54 28 Guy
1243 250 33 15 DE
1290 242 106 22 BAULNY
1445 242 29 21 de
1483 241 119 28 Meffray.

999 280 40 21 M"
1050 284 23 17 et
1082 281 52 20 M'»
1143 279 30 22 de
1188 279 138 22 HILLF.RIN
1339 284 32 15 DE
1379 275 285 25 BOISTISSANDEAU,

1025 315 29 21 de
1067 315 118 28 Meffray.

1000 350 36 22 C"
1052 350 30 22 H.
1092 354 33 18 dk
1139 349 159 23 MEFFRAY.

999 385 31 21 M.
1044 385 21 21 J.
1081 392 33 14 DE
1128 385 153 21 OLIVE1RA
1295 383 192 22 MURINELLY.

961 422 11 19 7
1000 420 31 21 M.
1047 424 23 17 et
1084 420 51 21 M»'
1150 420 75 21 Henri
1240 418 196 23 DELEPOUVE.

999 456 50 20 M""
1062 455 107 21 Maurice
1183 454 124 23 DOLLKUS
1362 453 99 21 Chanu.

999 490 31 22 M.
1045 493 23 18 et
1083 490 50 21 M-
1149 489 74 22 Henri
1238 487 184 24 HOTTiNGUER
1474 487 115 22 Munrôé.

999 525 31 21 M.
1042 525 99 21 Francis
1151 524 159 22 LEGRAND.

1000 560 41 21 B™
1056 563 22 18 et
1098 561 63 20 B""
1179 567 34 14 DE
1237 558 136 23 NEUFLIZE
1425 557 237 28 Dollfus-Davillier

1213 588 7 9 ·
1411 592 129 28 [Vendredi
1549 599 49 21 apr.
1609 592 13 20 4
1632 591 32 22 h.
1657 594 7 19 1

999 630 33 21 M.
1044 630 105 27 Jacques
1165 635 33 16 DE
1211 628 163 23 NEUFLIZE.

960 665 14 22 8
999 665 31 21 M.
1042 664 74 22 Henri
1127 658 130 28 MÉNIER.

960 701 12 20 9
999 700 31 20 M.
1045 703 23 18 et
1082 700 51 21 M–
1148 699 90 21 Robert
1254 682 249 38 GOLDSCIIMIDTV

1000 733 50 21 M""
1059 734 86 22 Carlos
1155 731 70 23 HAHN
1271 732 191 28 Eehema.gu.eia.

999 769 32 21 M.
1042 769 107 20 Renaldo
1161 768 99 21 HAHN.

947 804 26 21 10
999 803 31 22 M.
1046 806 22 19 et
1082 803 51 21 M»«
1147 803 75 21 Emile
1241 802 117 22 PEREIRE
1411 801 259 29 Auguste-Chevalier

1529 836 138 27 [Vendredi]

948 874 26 20 12
1000 873 31 21 M.
1042 873 108 21 Edmond
1161 873 109 21 BAPST.

999 908 31 21 M.
1045 912 23 17 et
1081 909 51 20 M««
1146 908 106 27 Jacques
1267 907 119 21 FERAY:
1403 907 97 21 Mallet.

948 945 26 20 14
1000 943 32 21 M.
1043 946 23 18 et
1076 944 50 20 M»"
1138 943 24 21 F.
1175 942 163 22 GAVARRY.
1582 941 87 27 [Jeudi]

1000 978 31 21 M.
1042 978 75 21 Emile
1128 976 227 24 GOLDSCHMIDT

949 1014 25 20 16
1000 1013 31 20 M.
1047 1013 27 21 et
1087 1013 40 21 Mm.
1141 1013 59 21 Jean
1216 1010 183 23 BORDEREL:
1414 1011 140 22 Bertrand.

948 1058 26 20 20
1000 1055 537 28 M.etM»«CornéliSDEWITT:i.aBr»^*e
1551 1055 119 28 [Vendre.)

1169 1190 147 26 ALGER
1331 1190 68 34 (rue
1415 1189 40 35 d')

989 1250 28 21 I"
1027 1249 53 21 Arr.
1090 1249 88 27 (Place
1190 1249 144 26 Vendôme).
1380 1249 53 22 Rue
1443 1250 28 20 de
1483 1249 85 27 Rivoli,
1582 1250 46 20 214.

1127 1288 26 19 ->
1169 1284 54 22 Rue
1240 1284 182 28 Saint-Honoré,
1438 1285 45 20 219.

1154 1318 136 23 Paroisse:
1299 1318 164 23 Saint-Roch.

949 1391 25 20 13
1001 1390 30 20 M.
1043 1393 23 18 et
1075 1390 51 21 M–
1137 1390 86 21 Ernest
1232 1389 194 22 BEAUSSANT.

1116 1526 128 26 ALMA
1262 1525 135 35 (avenue
1412 1525 39 27 de
1465 1525 34 35 1')

950 1587 61 21 VIII»
1022 1587 52 21 Arr.
1086 1579 234 35 (Champs-Elysées),
1333 1579 41 35 4-_
1386 1586 70 22 Place
1467 1587 29 20 de
1507 1586 93 26 l'Alma,
1610 1586 20 21 5.
1641 1589 25 19 ->

1087 1623 99 20 Avenue
1197 1622 43 21 des
1251 1614 222 35 Champs-Élysées,
1485 1621 43 21 101.

1059 1657 108 21 Paroisse
1204 1657 180 22 Saint-Pierre
1394 1656 29 22 de
1434 1656 119 22 Chaillot.

960 1747 10 19 1
998 1745 31 20 M.
1042 1744 99 21 Charles
1151 1738 349 27 CLERMONT-GANNEAU.'

997 1778 51 22 M»'
1060 1778 126 22 LOGEROT
1235 1777 112 23 Castoul.

959 1814 13 21 3
999 1813 37 21 C"
1046 1816 23 17 et
1079 1812 67 21 C'
1155 1818 32 15 DE
1197 1811 130 22 CARAMAN
1376 1810 102 28 Arrighi
1492 1810 29 28 de
1532 1811 133 22 Casanova

1024 1847 29 20 de
1062 1847 113 20 Padoue.
1437 1845 86 27 [Mardi
1533 1848 70 25 après
1612 1846 13 21 3
1634 1846 30 28 h.]

997 1882 38 21 C"
1049 1881 86 21 Ernest
1145 1888 31 14 DE
1188 1881 162 22 CARAMAN.

998 1917 37 21 C"
1046 1919 23 18 et
1079 1916 67 22 C"»"
1156 1922 33 16 DE
1200 1916 214 22 MORTEMART:
1429 1916 139 22 Caraman.
1579 1917 84 26 [Sam.]

958 1953 13 22 5
997 1951 32 21 M.
1045 1953 22 19 et
1081 1950 50 22 M"
1147 1950 102 22 Charles
1263 1950 38 21 LE
1317 1950 71 22 GAY.

998 1986 37 21 C"
1047 1988 22 18 et
1079 1985 67 22 C'
1156 1986 83 20 Albert
1250 1991 32 15 nE
1291 1985 49 21 MUN
1385 1985 112 22 Andlau.
1579 1987 84 27 [Jeudi)

998 2020 37 22 C"
1050 2020 108 21 Fcrnand
1174 2027 31 13 DE
1220 2019 76 21 MUN.

997 2055 31 21 M.
1040 2055 59 21 Paul
1109 2054 179 22 ROUSSEAU.

998 2090 30 20 M.
1044 2092 23 19 et
1081 2090 50 20 M»»
1147 2089 100 22 Charles
1262 2083 85 28 VERGE
1397 2088 121 25 Nélaton.

1006 2124 30 21 M.
1053 2127 22 18 et
1085 2124 50 21 M»"
1146 2123 90 22 Lucien
1247 2123 117 24 VILLARS
1408 2124 112 30 Laptow.
1576 2125 86 28 |Jeudi|

957 2160 13 21 6
996 2159 51 20 M»'
1057 2158 265 23 ROCIIE-SAUTIER.
1468 2162 39 26 |1"
1517 2165 22 18 et
1548 2162 22 21 3*
1582 2160 82 27 Lundi]

996 2194 33 20 M.
1038 2197 23 17 et
1071 2193 50 21 M»'
1133 2193 110 28 Georges
1253 2194 87 23 ROYER
1385 2195 99 29 Ragon.

996 2229 40 21 V"
1047 2232 22 18 et
1081 2229 69 21 V"–
1160 2235 33 16 DE
1205 2230 140 22 SAVIGNY
1355 2236 32 16 ue
1400 2231 149 23 MONCORPS
1611 2230 54 22 Vil-

1023 2263 144 28 lerslajaye.
1528 2264 134 29 [Mercredi]
