1749 2481
1178 127 64 29 BUI

399 129 77 31 BRU

66 222 187 26 BRLLATOUR
269 222 67 30 (E.-J.
353 222 48 30 de),
421 222 27 23 0.
519 223 38 27 82,
573 228 36 16 av.
627 221 41 23 des
684 220 103 31 Champs

96 257 100 31 Elysées
211 257 82 29 (viu").

67 292 100 24 BRUHL
187 291 117 30 (Docteur)
329 290 33 31 [et
384 291 49 23 M"'
449 292 43 21 Dée
511 290 103 31 ISTEL],
638 291 37 28 99,
697 296 42 16 rue
760 288 28 24 de

99 326 134 24 Courcelles
252 327 67 28 (tiii")
340 325 32 30 [35
391 325 103 30 522.68].

68 361 66 23 Brus
148 359 100 31 (Lucien)
290 360 54 24 voir
358 359 175 23 Lucien-Brun.

69 395 81 24 BRUN
165 394 126 31 (Armand)
307 394 34 31 [et
354 394 49 23 M°"
418 394 43 23 née
476 393 189 30 CHEVALIER
690 393 8 27 |,
702 393 8 27 4,
737 399 51 16 ave-

99 436 45 17 nue
158 428 108 25 Marceau
281 429 71 29 (vin-)
368 428 141 30 [3=529.40].
565 427 224 29 B-RR-Sp-UA

68 467 135 24 BRUNAIN
218 466 110 30 (Olivier)
339 466 33 30 [et
386 466 49 23 M–
447 467 42 22 née
504 466 29 23 de
544 459 244 36 SAINT-CHËRON],

100 503 37 27 15,
152 508 43 17 rue
208 496 225 35 Arsène-Houssaye
449 501 82 29 (vin*).

69 534 144 25 BRL'NEAU
238 534 94 30 (Jules),
356 534 80 30 Agent
455 535 29 23 lie
502 534 101 29 change,
630 535 19 27 1,
669 533 67 30 place
760 533 29 23 de

99 570 78 29 l'Aima
190 570 78 29 (xvi).

69 604 140 24 BRUNEEL
224 604 55 30 (CtB)
296 604 33 30 [et
344 603 62 24 C1""
427 604 42 22 née
483 604 69 23 Anne
566 602 30 23 de
615 601 174 25 CLERMONT-

99 637 182 31 TOXNERRE],
297 639 38 25 55,
351 644 42 16 rue
408 637 31 23 de
453 636 62 24 Lille
539 637 71 30 (vu').

70 671 117 25 BRUNET
199 672 69 29 (B°-),
281 672 138 24 Conseiller
428 672 99 29 général
535 673 33 22 du
580 671 127 27 Calvados,
724 669 27 24 0.

100 707 33 29 [et
147 706 81 30 B0»"],
244 708 36 27 32,
297 712 41 17 rue
353 706 28 23 de
399 705 157 31 Washington
571 706 69 29 (vnr)
651 706 12 27 –
675 706 24 27 et
711 706 36 27 {ES
762 704 29 22 de

100 740 117 28 Carel.ia
231 738 130 32 fe=^[0]
374 737 243 30 St-Pierre-sur-Dives
629 737 128 30 (Calvad.).
775 738 16 23 J

70 774 119 24 BRUNET
200 774 48 29 (B"
259 774 159 29 Emmanuel),
427 774 146 23 Lieutenant
583 780 31 16 au
624 773 44 23 45'
676 772 31 24 de
717 772 75 29 Ligne

101 810 24 28 (à
145 809 73 28 Laon,
239 810 38 28 28,
302 815 42 17 rue
363 808 118 29 Vinchou)
503 808 32 30 [et
554 809 63 22 B"
636 809 43 21 née
702 806 90 23 Marthe

100 838 147 35 MËZA1SE],
262 844 38 27 32,
316 849 42 16 rue
374 842 159 29 Washington
549 841 69 29 (vin*)
672 844 25 20 et
717 842 29 27 fa
764 840 29 23 de

102 877 244 27 Berniéres-sur-Mer,
366 881 34 21 El
418 876 41 31 j^=
472 876 27 31 3î
587 875 146 30 (Calvados).

73 912 121 24 BRUNET
210 911 30 24 de
254 911 217 25 COUDROUMAC
486 910 152 30 (Raymond),
657 910 137 29 Ingénieur-

104 946 137 30 Agronome
265 945 34 31 [et
322 944 47 23 M"
384 947 44 21 née
443 941 134 34 BUÈCHE],
596 946 49 26 108,
662 942 131 24 boulevard

104 980 29 24 de
150 980 137 24 Courcelles
305 980 75 30 (xvii")
441 984 23 18 et
487 982 28 27 {&
538 979 33 24 du
587 977 205 31 Pont-de-Laugon

107 1014 34 30 gg
158 1014 51 30 fe=
226 1014 34 30 tS
278 1014 247 24 Villenave-d'Ornon
543 1014 131 29 (Girondel.

76 1047 188 29 BRUNETIÈRE
288 1052 58 30 (M»'
371 1052 154 29 Ferdinand),
550 1054 22 26 2,
597 1059 41 15 rue
659 1052 61 22 Bara
740 1051 52 27 (vi")

104 1087 142 30 [35811.94].

75 1120 158 24 BRCNETTA
249 1119 163 25 d'USSEAUX
426 1120 47 30 (C"
488 1119 47 30 E.),
606 1119 27 24 G.
649 1119 27 24 C.
755 1119 38 27 52,

103 1162 90 16 avenue
208 1154 33 23 du
255 1154 230 31 Bois-de-Boulogne
503 1155 64 29 (xviû)
629 1157 24 19 et
667 1153 81 23 Cercle
766 1152 29 23 de

103 1189 23 23 la
148 1188 181 29 Méditerranée,
345 1195 42 17 rue
407 1189 100 30 Halévy,
524 1191 14 21 à
552 1188 64 24 Nice.
664 1188 130 23 AC-B-H

73 1221 138 25 BRUNHES
226 1223 76 29 (Jean)
324 1222 32 30 [et
371 1223 48 23 M"
434 1223 44 23 née
493 1222 150 30 HOSKIER],
656 1223 36 27 18,
705 1227 90 17 avenue

101 1257 30 23 de
144 1256 102 25 Messine
262 1257 80 30 (vm").

73 1292 120 24 BRUYNE
216 1292 58 29 (M»'
294 1292 48 29 de),
367 1294 22 27 5,
414 1298 42 17 rue
470 1291 197 25 Pierre-Charron
688 1290 77 31 (xvr)
780 1290 15 31 –-

101 1330 24 19 et
138 1328 14 21 à
162 1326 118 23 Monsoult
296 1325 196 31 (Seine-et-Oise).

71 1360 58 25 BRY
151 1360 104 25 d'ARCY
279 1361 76 30 (V«–
375 1361 48 30 de),
446 1362 43 22 née
512 1361 32 23 du
559 1360 77 24 PREL
659 1359 135 24 d'ERPEL-

103 1395 110 27 DANGE,
229 1396 22 27 8,
268 1396 46 23 cité
329 1395 97 24 Vaneau
444 1396 70 28 (vu").

76 1429 58 22 BRY
150 1428 104 24 d'ARCY
267 1429 48 28 (V"
328 1429 38 29 de)
382 1429 107 30 [etV"»«
505 1431 43 21 née
562 1429 29 23 de
607 1427 188 31 FALAISEAU],

104 1464 22 26 8,
145 1463 47 23 cité
213 1462 96 24 Vaneau
338 1464 63 28 (vu")
428 1464 94 30 (p.-à-t.)
544 1464 15 26 –
574 1464 61 26 flîâ
659 1462 28 23 de
709 1462 86 29 Paray,

107 1497 87 28 Kl-fe=
208 1497 29 28 ëS
248 1496 49 30 [Or]
315 1496 230 27 Palluau-sur-Indre
564 1496 88 29 (Indre)
712 1498 23 19 et
760 1497 28 26 fa

104 1529 192 30 d'Escrignelles,
318 1530 18 30 S
354 1530 55 30 fe=
427 1530 37 30 jS
488 1528 120 32 [P.L.M.],
623 1529 174 23 Ouzouer-sur-

106 1564 87 23 Trézée
209 1564 109 28 (Loiret).

76 1598 107 27 BRYAS,
196 1599 42 22 née
249 1598 29 24 de
288 1598 132 25 BRIMONT
434 1599 53 28 (M'"
499 1598 48 29 de),
564 1598 36 27 16,
615 1603 44 18 rue
670 1596 127 29 St-Pierre,

106 1635 15 20 à
137 1632 99 30 Neuilly
294 1637 23 19 et
340 1635 28 27 fa
384 1632 29 24 de
429 1632 125 29 Miramon,
568 1636 33 21 S!
615 1631 38 31 ^=
665 1631 40 26 •&
723 1630 76 23 Saint-

105 1666 178 32 Jean-de-Bray
301 1667 107 27 (Loiret).

76 1701 106 28 BRYAS,
195 1702 42 23 née
253 1702 28 23 de
296 1697 102 29 VOGUÉ
413 1702 73 28 (C1""
496 1702 48 29 de),
555 1703 22 25 4,
590 1707 42 17 rue
642 1700 157 30 Fabertfvn")

150 1740 24 18 et
198 1736 28 28 fa
240 1736 28 28 de
283 1736 125 32 Bryas,E
419 1736 129 31 fe=^[NJ
563 1735 119 25 Saint-Pol
693 1734 106 30 (Pas-de-

108 1770 87 30 Calais)
210 1774 17 20 –
244 1774 34 20 et
302 1774 27 27 fa
353 1771 29 24 de
398 1771 117 27 Boucard,
537 1776 34 21 El
589 1770 37 31 fs=
644 1770 54 23 Jars
722 1768 77 30 Jura).

80 1803 97 25 BRYAS
190 1803 47 30 (C'«
252 1804 38 31 de)
305 1805 33 31 [et
354 1804 63 25 C'
432 1806 44 23 née
490 1804 30 24 de
535 1803 164 31 GRAMONT],
715 1805 22 26 4,
760 1810 41 17 rue

109 1837 87 23 Fabert
211 1839 60 28 (vu')
331 1843 24 18 et
372 1841 64 26 môme
452 1841 32 26 fa
784 1839 17 22 J

79 1871 98 24 BRYAS
193 1871 44 29 (C"
250 1872 58 23 Jean
322 1872 49 29 de),
386 1875 90 21 mêmes
490 1873 116 23 adresses.
774 1873 26 21 H

79 1905 98 24 BRYAS
192 1905 44 29 (G"
251 1905 100 31 Jacques
365 1905 39 30 de)
415 1906 34 30 [et
459 1905 64 24 C'
534 1907 43 22 née
590 1905 59 23 Dose
660 1905 140 29 CLYMER],

110 1939 37 26 3",
163 1945 90 16 avenue
268 1939 136 30 Mon*»'jn«
419 1940 82 21 fvin*'1.
785 1939 17 23 J

80 1972 97 24 BRYAS
192 1972 46 30 (C"
253 1977 24 19 et
292 1974 177 23 C"Oharles
484 1973 48 30 de),
549 1975 21 27 2,
583 1980 91 16 avenue
691 1974 111 28 Bugeaud

114 2007 77 28 (XVI").

81 2040 77 23 BRYE
175 2041 42 29 (La
233 2041 119 25 Générale
361 2042 63 23 C1""
434 2042 29 23 A.
476 2041 49 30 de),
534 2042 38 27 29,
584 2047 42 16 rue
634 2041 89 22 Veruet
732 2041 70 29 (viu-)

158 2080 24 18 et
201 2077 27 27 fa
252 2076 28 23 de
297 2076 118 29 Rouville,
431 2075 36 32 El
485 2075 36 32 ÎF
537 2075 109 24 Rouville
657 2075 145 30 (Calvados),

113 2110 39 27 ifi
169 2109 36 31 [0]
222 2109 72 25 Caen.

83 2143 77 24 BRYE
175 2144 46 30 (Cu
235 2145 80 24 Pierre
334 2145 48 30 de),
400 2145 132 30 Capitaine
550 2152 32 17 au
606 2144 27 24 6"
652 2146 108 28 Dragons
780 2145 24 29 (à

113 2178 101 31 Evreux)
228 2179 34 31 [et
280 2181 64 23 G'
363 2181 42 22 née
423 2180 73 23 Marie
514 2179 119 31 PAYEN],
658 2181 35 27 10,
714 2185 90 17 avenue

114 2211 95 24 Percier
222 2213 72 30 (vin")
307 2214 110 30 (p.-à-t.)
481 2218 24 18 et
522 2216 29 26 fa
568 2213 29 23 de
612 2213 131 31 Louvigny,
765 2217 33 20 SI

117 2245 36 30 ^=
172 2247 125 31 Louvigny
310 2248 146 30 (Calvados),
475 2247 39 26 é§
536 2248 37 30 [0]
588 2247 71 23 Caen.
715 2248 89 22 J-RR

842 218 88 29 BUAT,
946 219 42 22 née
999 217 217 24 d'ANTIIENAISE
1234 218 70 29 (C1""
1312 217 52 29 du),
1374 219 21 26 8,
1411 224 41 16 rue
1463 217 104 23 Portalis

873 252 84 30 (vin")
971 252 14 30 –
999 252 56 30 fade
1071 252 24 23 la
1110 252 165 28 Subrardière,
1288 252 27 28 Kl
1331 251 86 30 Guillé,
1429 251 36 30 Bf=
1477 251 86 30 Baltots

874 288 13 21 4
901 287 55 28 kil.,
974 286 40 26 êB
1031 286 77 24 Craon
1123 286 144 32 (Mayenne).-

843 326 78 24 BUAT
937 326 50 29 (B"
1002 326 51 29 du),
1070 327 38 28 16,
1119 332 44 17 rue
1177 325 85 30 Singer
1277 325 77 30 (ivr).

843 364 78 24 BUAT
937 364 50 29 (B°«
1002 363 28 24 G.
1045 364 50 30 du),
1113 364 77 24 même
1205 363 104 24 adresse.

844 402 147 25 BUCAILLE
1014 403 30 23 de
1067 397 172 30 LITTLMÈRE
1254 403 58 28 (M–
1336 402 116 29 Charles),
1468 404 37 27 23,
1521 409 44 16 rue

873 436 159 28 Frauçois-I"
1051 437 70 29 (vin")
1183 441 24 18 et
1226 439 14 21 à
1258 436 136 24 Hérouville
1410 436 152 27 Saint-Clair,

878 471 28 31 13
920 471 42 31 fe=
976 473 39 27 S
1032 471 36 31 [0]
1084 471 62 23 Caen
1165 471 141 30 (Calvados).

842 508 156 25 BUCHEPOT
1013 509 48 29 (C»
1074 508 38 30 de)
1129 509 34 31 [et
1182 509 64 24 C'»"
1261 511 43 22 née
1318 509 146 24 ESPIVENT
1478 508 31 25 de
1522 509 40 24 LA

873 542 253 32 Y1LLESB0ISNET],
1142 545 37 27 71,
1195 551 43 15 rue
1252 543 29 24 de
1296 543 152 23 l'Université
1466 544 70 29 (vu')
1550 544 14 29 –-

874 582 24 19 et
919 580 29 27 fa
970 577 149 29 d'Isambert,
1154 578 33 30 El
1203 578 50 30 fe=
1281 578 78 24 Olivet
1388 577 107 31 (Loiret),
1524 580 40 27 gg

873 611 108 24 Orléans.

845 650 137 29 BUCQUET
1001 650 132 30 (Maurice),
1154 651 90 24 Consul
1263 651 98 30 général
1388 654 25 21 et
1433 652 134 22 secrétaire

874 685 30 23 de
918 685 24 23 la
956 685 118 28 Légation
1092 685 30 23 de
1137 685 170 28 Saint-Marin,
1325 686 37 27 12,
1378 692 41 17 rue
1435 685 131 23 Paul-Bau-

875 718 54 31 dry,
947 719 69 29 (vin»)
1029 718 132 31 [X534.66]
1176 719 15 28 –
1206 719 30 28 fa
1251 719 30 28 de
1298 720 23 22 la
1336 719 86 29 Ronce,
1444 724 32 20 E!
1496 719 72 23 Ville-

874 753 108 30 d'Avray
991 752 185 31 (Seine-et-Oise)
1230 757 23 19 et
1263 756 28 26 fa
1300 754 30 23 de
1340 753 25 23 la
1373 754 147 28 Fontenelle,
1528 759 34 20 El

878 787 37 29 fe=
936 786 38 26 ëâ
991 787 80 23 Droué
1089 787 187 29 (Loir-et-Cher)
1340 791 25 20 et
1377 789 29 27 j^
1422 787 29 24 de
1470 787 25 24 la
1508 787 60 24 Juli-

876 821 70 27 cière,
967 825 34 21 SI
1020 821 62 23 Brou
1096 821 191 30 (Eure-et-Loir).
1470 823 96 22 B-UA

846 859 140 30 BUCQUOY
1000 860 40 29 (D'
1054 861 41 28 J.),
1112 860 26 24 0.
1160 862 36 27 #,
1213 861 105 23 Membre
1334 861 30 23 de
1377 861 146 24 l'Académie
1537 861 29 24 de

877 894 130 28 Médecine,
1027 896 37 25 81,
1080 901 41 16 rue
1140 894 29 23 de
1192 894 152 24 l'Université
1360 895 59 29 (vn«)
1485 899 24 18 et

877 928 31 23 du
920 928 70 28 Ruth,
1013 933 32 21 23
1064 928 279 24 La-Ferté-Saint-Aubin
1357 929 109 29 (Loiret).

846 966 103 24 BUDAN
962 966 28 24 de
1007 961 94 29 RUSSÉ
1117 967 42 30 (M-
1173 967 56 30 J.),
1246 969 44 22 née
1304 967 29 23 de
1347 962 122 34 MAILLÉ,
1485 969 22 27 5,
1520 968 47 23 cité

877 1001 97 23 Vaneau
990 1002 72 29 (vu").

847 1035 102 24 BUDAN
963 1035 29 23 de
1011 1032 93 28 RUSSE
1120 1036 57 29 (H.),
1192 1036 77 24 même
1284 1037 105 23 adresse.

848 1073 101 24 BUDAN
963 1073 29 23 de
1009 1067 93 30 RUSSE
1119 1073 109 30 (Urbain)
1248 1074 33 30 [et
1294 1075 49 23 M»'
1359 1076 42 21 née
1420 1075 29 23 de
1469 1075 24 22 la
1507 1075 61 23 RUE

877 1108 29 22 de
925 1107 271 31 CHAMPCHEVRIER],
1214 1107 36 31 fa
1267 1108 28 24 de
1323 1108 118 31 Marcilly,
1462 1114 33 20 Kl
1515 1109 56 23 Mar-

877 1142 212 29 cilly-sur-Ilaulne
1117 1142 211 29 (Indre-et-Loire),
1363 1143 36 29 ^=
1422 1143 150 24 Chàteau-la-

879 1175 97 31 Vallière
988 1175 24 31 [1
1040 1174 54 31 kil.]
1113 1178 38 26 £S
1168 1175 47 31 [Et]
1230 1176 204 24 Tauchet-Lublé.

849 1210 88 23 BUEIL
961 1210 46 29 (C'"
1025 1210 38 30 de)
1084 1210 32 30 [et
1136 1210 63 23 C'
1226 1212 42 22 née
1295 1211 29 23 de
1349 1210 153 31 CROUSAZ],
1532 1213 38 26 74,

879 1251 41 16 rue
935 1244 41 24 des
991 1244 147 24 Saint-Pères
1153 1244 72 30 (vu').
1544 1247 26 22 A

848 1278 88 24 BUEIL
951 1277 45 31 (O
1011 1278 63 23 René
1091 1278 38 29 de)
1148 1278 33 31 [et
1196 1278 64 24 C1""
1274 1280 44 22 née
1339 1278 114 31 PASSY],
1472 1281 39 27 15,
1529 1286 42 16 rue

879 1313 30 23 de
925 1313 136 24 Courcelles
1078 1314 85 29 (vin")
1177 1314 14 29 –
1209 1317 24 19 et
1247 1316 14 21 à
1278 1313 83 24 Gisors
1376 1314 89 30 (Eure).
1544 1316 26 21 A

849 1351 93 24 BUFFE
960 1351 92 31 (Jules),
1073 1351 95 24 Ancien
1188 1352 132 30 Magistrat
1340 1351 33 31 [et
1394 1352 50 24 M–
1458 1353 43 22 née
1519 1353 52 23 DA-

879 1390 116 31 NELLE],
1012 1392 36 28 52,
1064 1397 44 17 rue
1126 1391 29 23 de
1174 1391 118 24 Ponthieu
1314 1391 70 30 (vnr)
1441 1395 24 19 et
1486 1394 29 27 fa
1539 1392 32 23 du

881 1424 137 29 Chatellier,
1052 1430 34 20 El
1116 1424 38 31 j£=
1181 1427 40 26 éS
1245 1425 35 31 [E]
1305 1426 149 23 Louvemont
1479 1426 94 29 (Haute-

881 1458 97 28 Marne).
1518 1462 54 22 UA

851 1492 169 23 BUFFE.NOIR
1042 1492 161 31 (Hippolyte),
1224 1493 27 23 0.
1267 1494 10 21 I
1290 1494 39 30 y,
1346 1494 98 23 Homme
1466 1496 30 21 de
1517 1495 56 23 Let-

884 1527 56 26 tres,
959 1526 35 27 13,
1011 1532 43 17 rue
1069 1524 43 24 des
1131 1525 125 30 Apennins
1275 1527 78 29 (xvii")
1414 1531 23 18 et
1452 1528 15 21 à
1482 1528 92 29 Rouge-

882 1562 68 20 mont
966 1559 111 29 (Doubs).

852 1593 112 24 BUFFET
981 1594 74 29 (Paul)
1073 1593 32 30 [et
1119 1594 48 22 M-
1183 1595 43 22 née
1236 1594 337 31 LAPEYRIE-LANGLADE],

885 1629 34 25 13,
937 1634 41 16 rue
992 1627 106 24 Cassette
1110 1628 51 29 (vi")
1173 1627 148 31 [3705.41]–
1335 1627 29 31 et
1378 1627 29 31 {&
1419 1628 29 23 de
1464 1628 32 23 La
1507 1628 75 23 Borie.

887 1661 31 30 El
933 1661 46 30 j£=
998 1661 124 24 Malemort
1140 1662 115 30 (Corrèze)
1273 1664 40 27 £g
1329 1662 49 31 [Or]
1395 1663 76 22 Brive.
1522 1665 54 22 UA

853 1690 176 30 Bl'FFÉVENT
1051 1696 58 31 (M"
1134 1696 48 31 de),
1205 1698 51 27 121,
1272 1697 131 23 boulevard
1424 1698 151 23 Haussmaun

884 1730 80 30 (VIII").

854 1765 176 24 Bl'FFEVENT
1045 1765 38 30 (M.
1094 1769 24 19 et
1129 1765 48 24 M»'
1192 1765 107 32 Georges
1312 1765 48 30 de),
1376 1766 76 23 même
1467 1766 107 24 adresse.

855 1799 170 33 BUFFIÈRES,
1042 1805 42 23 née
1099 1803 29 25 de
1143 1799 126 30 TRÉVISE
1287 1805 72 28 (Cu"«
1372 1804 48 30 de),
1430 1806 38 27 29,
1490 1812 42 17 rue
1546 1805 30 24 de

885 1838 103 22 Bassano
1004 1838 71 29 (viir)
1134 1842 24 19 et
1167 1841 28 26 {&
1205 1838 30 23 de
1250 1838 134 28 Dolomieu,
1405 1838 35 31 El
1457 1838 35 31 ^=
1509 1840 68 22 Dolo-

886 1871 62 23 mieu
972 1871 90 30 (Isère),
1085 1874 39 25 si
1146 1872 109 30 [P-L-M]
1270 1872 31 30 La
1324 1872 157 24 Tour-du-Pin
1554 1876 24 20 et

893 1905 40 27 ÉÊS
946 1905 27 27 du
990 1904 132 27 Chatelier,
1144 1909 33 21 El
1191 1905 37 29 fe=
1238 1906 39 27 éë
1292 1905 213 30 Pleine-Fougères
1521 1907 58 28 (Iile-

886 1937 150 29 et-Vilaine).

857 1966 161 29 BlrFIÈRES
1035 1972 43 28 (O
1093 1972 38 29 Je)
1148 1972 20 31 [.
1178 1972 10 31 l
1198 1972 20 31 C'
1274 1975 44 22 née
1337 1973 28 23 de
1387 1973 189 30 QUINSO\A«J,

886 2006 38 28 29,
939 2012 43 17 rue
997 2006 29 23 de
1040 2006 107 24 Bassano
1164 2007 70 28 iviii")
1293 2011 25 19 et
1340 2008 28 27 (&
1382 2006 30 24 de
1428 2006 150 31 Saint-Sjm-

887 2039 205 31 phorien-d'Ozon,
1120 2040 31 31 El
1166 2040 46 31 {?=
1241 2040 335 31 Saiiit-Svmphorien-d'Ozoa

887 2075 90 29 (Isère),
988 2076 39 27 £
1039 2074 91 31 [P-L-M]
1148 2074 104 24 Serezin.

857 2108 77 25 Bl'GE
950 2108 58 30 (M»«
1022 2108 146 30 VAmirale),
1180 2110 38 24 94.
1230 2116 69 17 aven.
1314 2109 170 24 Henri-Martin
1497 2109 79 31 (xvi«).

858 2144 100 23 Bugeaid
1005 2144 53 23 voir
1067 2142 90 24 d'ISLY.

857 2179 96 23 Bughas
969 2177 46 30 (de)
1055 2179 55 23 voir
1123 2179 140 23 Bellaigde
1280 2179 30 24 de
1325 2179 24 23 B.

858 2211 110 24 BUIGNY
986 2211 55 30 (de),
1064 2214 28 26 {g}
1102 2212 30 23 de
1146 2212 281 31 Buigny-Saint-Maclou,
1443 2218 33 21 El
1491 2214 36 30 ^=
1537 2217 39 26 tS

888 2246 38 31 [S]
941 2245 124 24 Abbeville
1082 2246 122 29 (Somme).
1522 2250 54 22 UA
