1749 2481
669 116 343 31 ALPES-MARITIMES

422 119 85 30 NICE

1175 118 84 29 NICE

127 210 91 21 Wolff
233 209 36 28 (!)'̃
283 209 46 28 G.),
344 210 36 27 35,
396 216 41 15 rue
452 208 112 31 Pastorelli.
574 208 51 31 I::F.
643 208 71 29 5.53].

127 248 130 21 AVolïoff
270 247 78 29 (Serge
365 247 47 29 de),
428 248 35 27 10,
478 253 41 16 rue
532 246 29 22 de
577 245 146 23 l'Hôtel-des-
735 245 85 23 Postes.

126 286 93 21 Wood
237 285 111 27 (Colonel)
372 284 75 30 palais
469 284 32 23 du
523 284 101 29 Square;
643 290 84 22 square
752 282 71 24 Gam-

129 319 12 21 ̃
153 319 75 21 bctta.

128 358 131 25 Woolsey
269 355 55 29 (I,.),
340 355 159 24 Vice-Consul
511 356 173 29 d'Angleterre,
699 359 22 26 i,
737 363 43 15 rue
795 355 30 22 de

159 389 133 23 Cronstadt.

129 429 109 19 Worms
251 427 31 21 de
295 426 120 29 Romilly
433 426 125 29 (Edouard)
570 427 31 30 [et
615 428 47 22 M1"*
672 428 41 22 née
727 426 98 23 Edwinè

158 459 102 29 Cohen],
275 460 59 22 villa
348 460 122 28 Malhilde,
481 467 87 15 avenue
582 461 41 23 des
639 460 156 23 Bcaumottes.

128 499 81 20 Wali
222 496 55 30 (de),
291 497 91 22 boulev.
398 497 28 22 de
443 497 148 28 Montboron,
607 498 57 22 villa
677 497 146 30 Mon-Joujou

159 530 32 29 [7.
209 530 70 29 4.93].

128 569 142 25 Wulfson,
285 567 56 23 villa
354 568 163 30 Beau-Séjour,
533 575 88 16 avenue
635 568 80 23 Verdi.

129 606 147 22 Wuterich
292 605 54 28 (F.),
361 605 56 23 villa
431 606 105 29 Ophélia,
548 614 41 14 rue
603 606 32 22 du
649 605 81 24 Soleil.

132 742 111 22 Xantho
257 740 36 28 (M.
312 743 23 19 et
349 740 46 22 Mml
406 739 112 30 Nicolas),
536 741 37 27 24,
583 740 64 22 boul.
664 739 161 29 Dubouchage,

160 778 57 22 villa
230 778 134 29 Xant!io[S
377 778 71 29 7.26].

876 207 155 28 Yourasoff,
1051 207 150 23 Vice-Consul
1214 207 27 23 de
1258 208 94 27 Russie,
1368 209 35 27 11,
1418 215 21 14 r.
1453 208 121 29 Adolphe-

905 243 106 32 Blanqui.

875 284 185 21 Yourievitch
1079 282 39 29 (M.
1131 282 22 24 S.
1172 283 45 28 de),
1233 282 55 23 villa
1301 282 163 29 Mantegabel),
1487 290 90 16 avenue

904 315 117 23 Bellevue.

876 355 209 26 Youriewsky,
1103 354 42 22 née
1162 353 63 23 P"
1249 356 184 24 Dolgorouka
1452 353 32 29 (S.
1503 354 28 23 A.
1554 354 22 23 la

905 391 62 23 P°""
982 391 143 29 Catherine),
1140 392 35 26 10,
1190 391 127 23 boulevard
1336 391 163 29 Dubouchage,
1520 391 59 23 villa

906 428 180 31 Saint-Georges
1103 429 32 30 [f.
1152 430 62 29 6.83]

878 582 279 26 Ïégers-Weeekens,
1174 580 87 23 Consul
1279 580 40 22 des
1336 579 132 29 F'ays-Has,
1483 580 36 26 41,
1535 586 43 14 rue

905 614 75 24 Cotta.

877 654 140 26 Zegowitz
1032 652 195 29 {Commandant),
1242 652 35 26 34,
1291 657 42 15 rue
1346 650 41 22 des
1401 649 145 23 Ponchettes.

878 692 73 20 Ziem
967 689 89 29 (Fèlix),
1071 689 93 23 Artiste
1175 690 103 27 peintre,
1289 691 67 19 route
1371 686 28 24 de
1413 687 95 27 France,
1518 686 57 23 villa

907 722 210 29 Baie-des-Anges.

878 763 107 24 Zuylen
995 761 32 21 de
1036 761 158 26 Nyeveltde
1203 761 75 21 Haar
1288 758 79 29 (B""E.
1377 758 36 29 de)
1422 758 32 29 (et
1464 758 60 22 B™"
1536 759 40 21 née

907 793 28 23 de
947 793 183 30 Rothschild],
1138 793 65 22 boul.
1213 792 28 23 de
1252 791 94 28 Cimiez,
1353 792 57 22 villa
1418 791 17 22 il
1445 791 132 22 Paradisij.

908 826 32 30 [35
958 826 71 30 6.0*].
