1749 2481
750 111 302 31 PARIS-MONDAIN

428 200 218 116 LE
723 200 651 122 FIGARO

198 357 167 50 Six
430 372 313 50 pages
805 360 230 48 tous
1101 361 166 62 les
1322 361 277 62 jours

553 451 281 39 Directeur-Gérant
910 452 110 38 Gaston
1058 451 192 40 CALMETTE

223 562 47 21 LE
288 560 136 24 FIGARO
442 564 37 20 est
493 561 102 30 l'organe
611 562 29 22 de
653 564 78 20 toutes
746 561 33 23 les
795 560 76 24 élites.
887 561 63 23 C'est
964 561 21 22 le
998 561 94 31 journal
1106 561 95 32 élégant
1215 566 24 18 et
1253 562 113 24 mondain
1379 569 44 23 par
1438 561 137 24 excellence.

253 634 45 22 LE
315 633 135 23 FIGARO
463 633 82 30 publie
560 633 89 30 chaque
662 633 104 24 semaine
781 633 40 24 des
836 632 95 25 Dessins
948 633 137 24 d'actualité
1101 633 23 24 de

263 684 161 31 CARAN
467 684 185 36 D'ACHE,
690 685 189 37 FORAIN,
930 686 122 30 ABEL
1090 687 172 30 FA1VRE
1293 686 33 30 &
1360 686 185 30 ALBERT

760 741 285 30 GUILLAUME

356 840 125 38 UNE
528 841 168 36 PAGE
738 841 77 36 DE
859 841 280 40 MUSIQUE
1185 832 260 46 INÉDITE

708 898 99 19 TOUS
840 899 69 17 L.ES
940 897 166 19 SAMEDIS

202 970 93 27 TOUS
320 970 76 26 LES
422 970 225 27 MERCREDIS
667 973 27 23 et
713 971 106 34 chaque
838 969 56 28 fois
913 979 51 25 que
982 970 154 27 l'actualité
1154 971 27 26 le
1200 975 140 29 comporte
1358 970 23 26 il
1399 979 13 18 a
1433 971 61 25 hait
1511 978 95 26 pages.

448 1060 61 43 IL
548 1060 230 44 DONNE
823 1060 528 44 GRATUITEMENT

786 1125 58 18 TOUS
861 1125 42 17 LES
920 1125 101 17 SAMKD1S

342 1173 94 43 UN
482 1160 501 56 SUPPLÉMENT
1030 1160 438 61 LITTÉRAIRE

508 1239 79 30 rédigé
603 1245 44 25 par
661 1239 35 23 les
709 1239 54 30 plus
777 1238 89 31 grands
882 1238 118 23 écrivains
1014 1238 104 28 français
1132 1241 23 20 et
1170 1239 130 29 étrangers.

727 1303 30 15 ET
772 1302 134 16 PLUSIEURS
922 1303 54 15 FOIS
991 1303 48 15 PAR
1054 1304 31 14 AN

257 1354 69 43 UN
361 1343 374 54 SUPPLÉMENT
772 1344 270 56 ILLUSTRÉ
1082 1353 65 44 DE
1185 1354 187 42 GRAND
1409 1353 139 44 LUXE

476 1413 112 23 consacré
601 1414 15 21 à
629 1411 24 25 la
668 1411 68 24 mode
750 1415 23 20 et
787 1414 13 21 à
815 1412 23 23 la
852 1412 35 22 vie
901 1411 109 32 élégante
1023 1416 24 19 et
1061 1414 94 22 réservé
1170 1413 15 23 à
1199 1419 37 17 ses
1250 1413 112 23 abonnés.

255 1495 46 21 I.E
318 1495 136 22 FIGARO
470 1501 14 16 a
497 1501 44 15 son
554 1494 92 23 bureau
662 1493 187 30 télégraphique,
866 1500 42 15 son
922 1493 203 29 administration,
1142 1501 43 16 son
1200 1494 147 31 imprimerie
1360 1495 60 23 dans
1434 1501 42 16 son
1491 1494 74 28 hôtel,
1585 1497 25 20 et

196 1531 31 16 un
241 1526 66 21 salon
322 1525 30 22 de
366 1526 92 21 lecture
471 1528 25 18 et
509 1524 29 22 de
552 1523 203 30 correspondance
769 1524 92 22 réservé
874 1525 15 20 à
902 1529 38 17 ses
953 1523 113 24 abonnés.

593 1613 107 40 LES
758 1615 128 36 FIVE
943 1614 270 40 O'CLOCK

255 1675 47 22 LE
319 1675 134 22 FIGARO
469 1673 86 27 donne,
572 1672 106 30 pendant
693 1673 21 23 la
729 1672 87 28 saison,
832 1672 40 24 des
887 1673 58 24 Five
961 1672 108 30 O'Clock,
1086 1673 41 31 qui
1141 1678 122 25 comptent
1285 1674 76 29 parmi
1376 1673 33 24 les
1431 1673 129 23 solennités
1576 1673 33 23 les

198 1703 55 31 plus
266 1711 102 15 connues
383 1703 29 23 de
427 1703 23 23 la
465 1703 37 23 vie
518 1703 146 30 parisienne.

256 1733 44 23 Les
314 1733 49 22 rois
377 1733 174 30 d'Angleterre,
566 1732 29 22 de
611 1731 119 30 Belgique,
747 1731 28 23 de
790 1731 81 29 Grèce,
886 1732 30 22 de
929 1732 123 29 Portugal,
1071 1732 29 23 de
1114 1732 90 27 Serbie,
1228 1733 28 22 de
1272 1732 86 28 Suède,
1379 1732 107 22 l'Amiral
1502 1732 106 29 Avellan,

198 1762 96 29 Edison,
309 1762 95 23 Nansen
418 1766 41 18 ont
474 1764 37 21 été
526 1763 34 21 les
574 1762 68 22 hôtes
656 1761 31 22 du
703 1761 88 29 Figaro
808 1762 48 21 lors
870 1761 29 23 de
913 1768 37 16 ces
965 1763 205 28 représentations
1184 1762 140 30 auxquelles
1340 1766 53 18 sont
1411 1761 132 30 également
1556 1769 53 16 con-

198 1792 50 23 viés
263 1792 33 23 les
310 1792 105 23 abonnés
429 1792 32 23 du
479 1793 97 26 Figaro.

339 1867 205 34 Rédaction,
576 1867 306 33 Administration,
915 1865 165 31 Publicité
1146 1868 56 33 26,
1233 1868 72 31 Rue
1333 1868 134 28 Drouot

704 1966 419 38 ABONNEMENTS:

268 2050 87 25 PARIS
370 2052 31 27 (et
415 2049 173 28 Seine-et-Oise)
799 2042 232 30 DÉPARTEMENTS
1311 2044 158 28 ÉTRANGER

216 2118 36 22 Un
266 2123 29 17 an
558 2114 30 26 60
608 2112 31 23 fr.
700 2112 33 23 Un
750 2118 217 17 an
1002 2112 74 24 7S.fr.
1109 2122 11 11 »
1179 2113 34 24 Un
1229 2121 217 18 au
1481 2114 29 22 80
1526 2113 28 23 fr.
1589 2123 9 13 »

217 2146 38 24 Six
270 2146 259 23 mois.
564 2144 30 21 30
609 2142 30 23 fr.
700 2141 39 23 Six
756 2141 252 24 mois
1009 2143 20 21 37
1048 2142 30 23 fr.
1095 2144 28 21 50
1179 2143 41 24 Six
1233 2143 214 24 mois
1482 2145 28 22 43
1526 2143 29 25 fr.
1587 2154 12 12 »

216 2176 67 24 Trois
298 2175 231 24 mois.
564 2172 25 24 15
601 2172 38 24 fr.
699 2172 68 22 Trois
784 2171 96 24 mois
904 2171 48 24 18
976 2171 72 24 fr.
1072 2171 48 24 75
1180 2174 68 23 Trois
1261 2174 185 23 mois
1481 2176 27 20 21
1525 2174 30 24 fr.
1572 2176 28 22 50
