1749 2481
658 123 297 30 PARIS-MONDAIN

213 2245 236 24 Paris-Mondain
467 2245 18 24 –
502 2246 57 23 1908
1406 2243 30 25 26

1229 229 11 20 f

305 267 223 50 SERVICE
574 266 104 51 DES
725 266 206 51 CARTES
977 268 68 48 DE
1090 266 209 50 VISITES

201 350 31 20 et
258 348 36 22 de
322 347 109 23 l'envoi
454 347 55 23 des
535 346 109 24 lettres
671 346 37 23 de
734 345 78 25 faire
838 348 79 27 part,
944 346 145 29 Mariage,
1117 345 178 28 Naissance,
1323 345 92 24 Décès

122 421 6 37 Il
261 453 164 29 tarif
594 462 256 46 Organisé
881 478 96 29 PAR
1013 463 482 46 l'Administration

156 554 28 19 de
198 554 10 21 1
223 554 12 19 à
248 553 39 20 100
299 553 79 20 visites
452 553 38 20 20
503 553 26 19 fr.
1022 548 41 22 DU

156 579 27 20 de
197 579 9 20 1
222 578 12 21 à
246 578 37 21 200
298 578 21 20 le
333 580 96 18 cent
461 578 29 21 19

156 604 28 20 de
198 604 36 20 ià
248 603 38 20 affl
336 603 30 20 id.
462 602 29 21 18

156 604 39 20 de
214 604 19 20 t
223 603 12 21 à
247 603 37 21 300
336 603 64 27 id..
462 602 29 21 i8
711 610 262 58 PARIS
983 609 61 59 M
1105 609 429 59 ONDAIIV

156 629 132 45 siiS
249 629 38 19 40D
338 623 72 25 I
498 602 24 46 8:
509 639 13 28 =
710 608 674 60 PARIS-MONDAIN

156 654 28 21 de
201 656 6 18 1
222 654 13 20 à
248 654 37 20 500
337 653 95 21 id.
463 654 33 20 16
711 609 672 59 PARIS-MONDAIN

157 679 27 20 de
198 678 37 21 500
249 681 22 18 et
284 678 147 21 au-dessus.
463 679 32 20 15

187 760 60 21 envoi
264 761 26 20 DE
306 761 94 20 LETTRES
415 760 27 21 DE
457 761 53 20 PART
634 750 18 44 1
670 750 37 44 2,
734 759 84 27 rue
846 750 57 36 de
932 749 219 37 Bassano
1181 740 291 57 (Champs-Elysées)

147 792 56 22 Prix
248 792 38 23 10
303 793 28 21 fr.
346 799 44 22 par
404 792 44 23 100
461 792 85 23 lettres

172 876 146 19 Confection
328 877 30 18 de
368 877 156 18 Manuscrits
983 882 115 28 ^^SEJ^m

226 910 60 17 PRIX
299 911 14 17 A
325 910 145 18 CONVENIR
995 896 103 22 «-s*3"»

131 1008 9 8 ·
256 1016 53 27 La
331 1015 253 29 distribution
606 1018 68 27 des
696 1018 129 28 oartes
847 1018 46 28 de
914 1017 138 28 visites
1074 1017 23 29 à
1118 1017 180 29 domicile
1319 1018 42 27 est
1383 1017 119 28 virtuel-

124 1061 109 27 lement
246 1061 98 28 entrée
365 1061 199 36 aujourd'hui
583 1062 76 28 dans
688 1063 26 27 le
734 1062 144 28 domaine
902 1062 37 28 de
959 1063 28 28 la
1006 1064 127 36 pratique
1193 1063 103 29 mais
1320 1064 72 28 elle
1417 1062 85 29 n'en

125 1107 185 28 demeure
332 1114 70 27 pas
422 1108 129 28 moins
572 1109 296 28 confidentielle.

227 1166 52 27 La
301 1165 211 29 discrétion
533 1166 39 29 la
591 1167 90 35 plus
703 1167 159 28 absolue
882 1174 59 29 que
960 1174 76 20 nous
1058 1174 76 20 nous
1158 1174 131 20 sommes
1308 1167 134 36 imposée
1462 1165 42 36 (et

125 1210 55 38 qui
193 1211 146 27 constitue
357 1213 86 26 notre
464 1210 81 38 force
559 1211 76 29 dans
656 1220 60 20 une
736 1213 128 27 mission
880 1213 84 27 aussi
984 1211 138 38 délicate)
1135 1220 38 20 ne
1192 1220 78 20 nous
1288 1215 119 34 permet
1417 1212 87 37 point

126 1255 36 29 de
176 1258 71 26 citer
268 1256 39 29 les
330 1258 176 29 Grandes
527 1259 183 28 Familles
732 1259 46 28 de
799 1260 38 27 la
858 1260 130 27 Haute
1009 1258 163 34 Société,
1197 1259 27 27 et
1244 1258 66 28 elles
1331 1260 67 27 sont
1415 1267 88 19 nom-

128 1303 129 33 breuses,
272 1304 54 37 qui
340 1312 75 19 nous
431 1304 182 38 témoignent
628 1304 62 29 leur
704 1305 153 37 confiance
871 1304 108 38 depuis
997 1305 70 37 plus
1081 1303 37 30 de
1131 1305 86 37 vingt
1233 1313 46 26 ans
1329 1305 79 28 mais
1428 1313 76 20 nous

125 1357 137 29 pouvons
276 1349 138 38 affirmer
433 1359 58 29 que
510 1351 27 28 la
558 1351 256 36 préparation
828 1353 38 27 et
880 1353 35 27 le
930 1351 119 36 dépôt
1063 1352 71 28 des
1156 1352 130 28 cartes
1307 1353 90 27 sont
1414 1351 92 29 faits

128 1396 260 28 directement
407 1404 72 28 par
500 1404 72 22 nos
589 1398 108 28 soins
719 1400 39 26 et
776 1405 93 21 sous
890 1399 113 27 notre
1024 1399 109 27 seule
1154 1397 312 35 responsabilité.

251 1457 74 28 Tout
344 1466 38 20 en
402 1457 117 38 offrant
539 1460 182 28 l'illusion
742 1460 192 35 complète
951 1461 48 27 de
1014 1460 37 28 la
1072 1460 197 33 sincérité,
1291 1461 84 26 notre
1396 1460 111 27 service

128 1503 107 37 rapide
254 1506 27 24 et
300 1503 218 37 parfaitement
537 1505 139 36 organisé
696 1507 126 34 permet,
845 1513 63 19 aux
928 1512 164 30 personnes
1112 1506 54 36 qui
1183 1513 38 19 en
1235 1504 147 38 profitent,
1400 1505 105 29 d'an-

130 1557 146 20 noncer
300 1548 63 28 leur
386 1557 167 29 passage
583 1558 41 19 ou
652 1550 64 27 leur
741 1551 157 27 rentrée
923 1550 20 27 à
971 1550 91 27 Paris
1087 1549 77 28 dans
1189 1558 44 19 un
1258 1549 63 39 laps
1351 1549 36 29 de
1411 1552 96 36 temps

129 1595 205 27 relativement
354 1596 84 27 court
457 1594 32 39 (5
509 1596 17 26 à
547 1596 18 27 6
579 1595 90 37 jours
690 1604 40 19 au
748 1595 94 38 plus).

243 1750 80 31 Note
342 1751 194 37 explicatioe
557 1752 35 30 et
611 1750 266 32 considérations
894 1751 178 38 générales

575 1805 54 31 sur
647 1805 36 31 le
704 1806 95 30 mode
820 1805 38 31 de
878 1805 99 37 dépôt
995 1805 60 31 des
1074 1806 117 30 cartes
1213 1805 39 31 de
1273 1805 120 31 visites

170 1876 19 18 1"
206 1875 43 20 Les
263 1875 83 20 visites
360 1878 54 17 sont
427 1875 68 20 faites
510 1877 177 23 correctement,
702 1877 54 18 tous
769 1874 35 21 les
815 1875 73 24 jours,
902 1878 65 17 entre
980 1875 16 19 2
1006 1877 23 17 et
1042 1875 14 19 6
1067 1874 93 21 heures.
1172 1874 30 25 (A
1216 1873 131 21 l'encontre
1357 1873 29 21 de
1396 1879 27 15 ce
1432 1874 44 25 qui
1485 1879 24 15 se

138 1899 117 27 pratique
268 1898 121 27 ailleurs^
402 1898 81 27 jamais
495 1898 19 20 il
524 1899 58 25 n'est
593 1899 46 25 fait
655 1899 29 20 le
694 1899 80 20 visites
790 1898 20 21 le
820 1899 104 26 matin);

169 1924 27 20 2"
209 1924 13 20 A
235 1925 75 19 moins
320 1924 29 20 de
357 1924 116 20 condition
484 1928 119 21 pxpresse,
614 1925 33 19 tes
657 1927 77 17 cartes
744 1927 53 17 sont
807 1924 106 24 toujours
926 1923 97 19 rpmïRps
1035 1925 114 21 cornées:

169 1950 20 19 3°
202 1949 44 20 Les
257 1951 76 18 cartes
345 1951 51 18 sont
407 1950 99 19 remises
516 1949 129 20 seulement
654 1950 19 18 si
683 1949 34 20 les
727 1954 129 20 personnes
866 1953 54 16 sont
929 1949 97 20 sorties.
1039 1949 24 19 Si
1073 1948 36 20 les
1119 1953 131 21 personnes
1260 1953 29 15 ne
1300 1950 53 18 sont
1362 1953 43 21 pas
1415 1948 93 22 sorties,

131 1974 15 19 il
155 1976 37 17 est
205 1974 101 25 procédé
317 1975 13 18 à
341 1979 44 14 une
396 1974 108 19 nouvelle
513 1974 144 20 distribution
668 1974 20 20 le
697 1974 131 20 lendemain
838 1979 29 14 ou
879 1974 20 19 le
909 1974 183 23 surlendemain;

169 2000 21 19 4»
203 1999 20 20 A
233 1999 76 19 moins
328 1999 27 20 de
366 1999 108 20 mauvais
489 2002 74 22 temps
577 1999 167 25 exceptionnel,
758 1999 22 20 la
794 1999 71 20 durée
880 1999 65 20 d'une
961 1998 147 21 distribution
1123 1997 27 21 de
1164 2000 79 18 cartes
1258 2003 28 15 ne
1300 1997 100 26 dépasse
1414 2003 43 18 pas
1471 1997 39 20 six

128 2022 77 27 jours,
217 2022 64 27 quels
294 2029 44 20 que
347 2023 77 21 soient
433 2024 21 19 le
464 2023 96 21 nombre
571 2023 27 21 de
609 2023 82 21 visites
700 2024 11 20 à
722 2024 59 20 faire
792 2026 23 18 et
828 2024 23 20 la
860 2023 105 21 distance
975 2024 14 19 à
1003 2023 128 27 parcourir.

168 2050 21 18 5*
205 2049 60 19 Pour
276 2049 96 19 faciliter
382 2049 20 20 le
419 2050 72 25 dépôt
501 2049 41 20 des
556 2052 84 17 cartes,
651 2049 199 20 l'administration
859 2052 47 17 met
915 2049 188 26 gracieusement
1112 2050 14 18 à
1136 2048 22 19 la
1171 2048 140 25 disposition
1325 2047 41 20 des
1380 2052 130 25 personnes

131 2074 39 26 qui
183 2074 26 26 eu
225 2074 75 20 feront
312 2076 22 19 la
343 2074 121 25 demande,
479 2080 31 14 un
527 2075 143 25 exemplaire
683 2074 30 21 du
732 2074 213 21 Paris-Mondain
964 2080 42 15 sur
1024 2073 74 27 lequel
1117 2079 30 15 on
1161 2072 117 26 pointera,
1291 2072 26 26 de
1332 2072 135 26 préférence
1481 2077 29 15 au

134 2099 98 21 Carnet,
240 2099 43 21 les
297 2099 58 21 noms
371 2100 41 20 des
422 2100 81 20 visites
512 2099 14 20 à
536 2099 66 20 faire.
618 2098 41 22 Cet
671 2099 141 27 exemplaire
824 2099 92 21 devient
930 2098 25 28 la
967 2098 113 28 propriété
1096 2099 28 20 de
1138 2098 128 20 l'intéressé
1277 2098 20 20 si
1307 2098 21 19 le
1338 2100 102 18 montant
1450 2097 28 20 de
1488 2097 23 20 la

131 2124 145 20 distribution
291 2126 79 19 atteint
392 2130 30 15 ou
432 2125 100 25 dépasse
542 2126 32 18 50
585 2125 86 20 francs.
682 2125 60 20 Mais
752 2125 42 20 l'on
805 2128 54 23 peut
868 2125 65 20 aussi
944 2125 51 20 bien
1005 2129 104 22 envoyer
1117 2129 45 15 une
1173 2124 51 20 liste
1235 2124 42 20 des
1290 2123 80 21 visites
1378 2123 15 20 à
1403 2122 67 26 faire,
1481 2128 29 14 ou

132 2149 50 20 bien
195 2156 83 14 encore
294 2156 42 14 son
351 2151 138 21 manuscrit.
