1749 2481
1073 115 95 40 Passy
1183 114 73 41 (rue
1270 115 51 40 de)

318 122 137 30 Oudinot
475 121 85 40 (rue)

299 215 184 25 OUDINOT
499 212 78 34 (rue)

87 268 51 20 VII"
149 269 51 19 Arr.
212 267 83 26 (Ecole
312 267 139 26 Militaire).
463 267 25 26 «-
504 267 51 21 Rue
571 266 106 25 Vaneau,
696 265 26 21 uO
733 267 20 18 et
763 264 25 21 60

198 304 25 20 ->
236 302 131 20 Boulevard
379 302 40 20 des
433 301 124 25 Invalides,
569 301 25 19 49
608 302 22 17 et
642 300 32 20 51.

189 344 104 19 Paroisse
339 341 66 26 Saint
444 341 106 26 François
589 341 93 26 Xavier.

88 437 25 20 12
138 436 64 21 B«"
216 435 53 21 Alix
284 434 181 22 d'AKETHAN.

137 470 30 20 M.
183 469 111 24 François
308 462 125 28 COPPÉE.

139 503 30 19 M.
185 505 22 17 et
221 503 49 19 M»«
287 502 56 20 Paul
360 494 82 27 HEUZÉ
490 500 173 27 Beauregard.
704 498 81 27 [Jeudi]

87 536 27 20 20
138 535 42 21 B"
189 539 23 17 et
221 535 63 21 B«"
295 541 31 14 DE
336 534 156 21 COUBERTIN
540 534 124 25 Crisenoy.
697 531 90 27 [Lundi]

139 569 41 20 B-
193 572 23 18 et
229 569 64 20 B""
306 568 81 21 Albert
401 574 31 14 DE
446 566 156 23 COUBERTIN
660 565 39 21 La
712 563 74 23 Salle.

138 603 40 25 D"-
191 603 80 25 Eugène
287 597 91 25 MÈNE.

87 636 26 20 22
139 635 39 21 V1*
188 637 23 19 et
220 635 69 20 V'«
300 635 87 20 Olivier
396 640 31 15 DE
437 627 80 28 LUPPÉ
563 633 87 21 Calon.
697 632 90 25 [Lundi]

139 668 65 21 O–
213 668 24 21 E.
249 674 32 15 DE
290 662 102 27 SÉGUR
403 666 184 22 D'AGUESSEAC
633 664 154 22 Chambaud.

139 701 35 21 C'.
185 705 22 17 et
215 702 64 20 C»–
286 702 27 20 R.
321 707 32 15 DE
361 695 102 27 SÉGUR
472 699 219 22 u'AGUESSEAU:
701 698 88 22 Cham-

165 735 74 20 baud.

290 852 104 25 PAIX
409 851 67 32 (rue
491 850 38 26 de
545 850 41 33 la)

140 913 30 22 II"
179 914 52 21 Arr.
242 913 130 27 (Gaillon).
385 913 26 27 «-
425 912 68 22 Place
504 912 127 26 Vendôme,
642 912 24 21 23
676 914 21 18 et
707 911 30 21 28.

310 950 24 18 ->
349 947 70 21 Place
430 946 28 21 de
468 946 98 26 l'Opéra.

245 980 108 21 Paroisse
389 978 244 22 Sainte-Madeleine.

103 1065 12 19 4
141 1063 31 20 M.
182 1067 22 17 et
213 1064 49 20 M–
273 1063 98 21 Charles
381 1063 89 20 HALL.

141 1097 30 20 M.
186 1099 22 18 et
226 1098 48 19 M««
288 1097 87 26 Joseph
390 1093 108 24 RIVIÈRE
545 1095 94 21 Sorbet.

91 1131 25 20 16
141 1130 31 21 M.
183 1133 22 18 et
213 1130 49 21 M»'
271 1124 249 27 HERMANN-LÉON.
697 1126 92 27 [Lundi]

163 1256 372 26 PALAIS-BOURBON
551 1255 100 34 (place
667 1254 52 32 du)

95 1327 51 20 VII*
156 1327 50 20 Arr.
218 1326 151 27 (Invalides).
384 1330 25 19 <-
422 1326 51 21 Rue
487 1327 28 19 de
530 1325 155 25 l'Université,
700 1325 23 20 8ô
734 1325 23 20 et
766 1325 25 19 87

274 1363 26 19 -f
314 1359 49 21 Rue
378 1359 27 21 de
416 1359 148 27 Bourgogne,
576 1360 31 20 15.

266 1394 130 20 Paroisse:
408 1392 209 23 Sainte-Clotilde.

104 1486 17 20 5
138 1486 68 20 B°»«
217 1491 31 15 DE
257 1485 118 20 VAREY:
391 1485 108 26 Champs
508 1484 29 20 de
546 1483 170 26 Saint-Léger.

106 1518 25 22 3
156 1518 25 22 O
195 1521 22 18 et
231 1518 66 21 Ct.
319 1518 105 20 Ludovic
450 1523 32 15 DE
509 1517 133 21 BERTIER
670 1521 30 14 DE
726 1515 68 20 SAU-

169 1551 79 21 VIGNY
298 1551 69 21 Cars.

145 1586 40 20 V"
195 1589 22 16 et
228 1585 68 20 V»'"
306 1590 31 14 DE
348 1583 160 22 GAIGNERON
557 1581 206 23 Gontaul-Biron.

107 1618 17 21 4
141 1618 34 21 M.
188 1621 22 18 et
219 1618 49 21 M»»
279 1618 96 21 Charles
390 1623 30 15 DE
434 1616 179 21 DOMPIERRE
624 1614 135 21 D'HORNOY

171 1652 153 22 Abancourt.

147 1686 69 20 V»m«
231 1691 30 14 DE
272 1684 207 22 SAINT-GEORGE
530 1684 100 20 Poleon.

109 1719 19 21 B
147 1719 38 21 C"
195 1722 21 17 et
227 1719 65 20 C<
306 1718 172 21 d'HAUTPOUL
529 1717 121 26 desRoi/s.

109 1754 12 20 0
136 1753 29 21 M.
176 1756 23 17 et
213 1752 48 21 M–
270 1751 106 26 Georges
387 1749 168 23 CIIEVALLIER
600 1749 30 23 de
643 1748 151 28 Laforcade.

457 1784 132 25 [Mercredi,
597 1783 57 22 sauf
666 1783 21 20 le
696 1783 98 25 dernier]

149 1820 32 19 M"
197 1820 32 19 de
246 1819 136 20 CUMONT.

149 1852 36 21 C1'
202 1855 21 17 et
239 1852 65 20 C"
324 1850 192 22 d'ESPEUILLES
567 1849 184 22 Caulaineourt
769 1848 28 20 de

177 1883 108 23 Yicence.

148 1917 27 21 M.
188 1917 27 21 et
228 1917 40 21 Mm.
289 1917 56 20 Paul
361 1922 31 14 de
408 1915 216 24 FRANQUEVILLE
680 1914 29 19 </<•
731 1915 68 20 Rnis-

173 1951 73 27 gelin.
716 1947 81 26 (Jeudi)

149 1980 648 27 OetC''–DEVAUDRIMEYD1AVOUT:.Es«outtty.

148 2016 36 24 G"
202 2016 36 24 de
256 2016 198 24 WARESQUIEL.

153 2051 37 20 V*
205 2056 31 15 DE
250 2050 215 24 WARKSQUIEL.

112 2083 20 23 8
152 2083 40 23 M"
206 2090 32 15 DE
251 2081 350 24 CLERMONT-TONNERRE.

153 2118 31 21 M.
196 2121 22 18 et
226 2118 50 20 M–
286 2117 73 21 Emm.
371 2123 32 14 DE
413 2117 38 21 LA
462 2111 226 27 BONNARDIÈRE.
701 2115 99 26 [Mercr.]

115 2153 14 20 9
156 2152 36 21 C*«
202 2154 22 17 et
234 2152 66 19 C1""»
311 2150 109 25 Geoffroy
432 2156 30 14 de
472 2150 136 21 GOULAINE
658 2150 109 19 Perrien.

156 2185 39 21 M'1
206 2188 22 17 et
237 2184 51 21 M'"
296 2190 31 15 DE
337 2178 190 26 DREUX-BRÉZÉ
575 2183 29 21 de
615 2183 129 21 Gramont.

852 334 12 20 5
890 332 63 21 O–
972 332 201 21 DESVERNAY:
1190 330 271 27 Franchetd'Esperey.

890 366 48 20 M-
953 364 164 23 FRANCHET
1131 364 146 22 d'ESPEREY
1323 364 70 21 Dion.

852 621 12 19 2
892 620 30 20 M.
933 621 22 18 et
965 620 49 19 M»'
1028 612 78 28 NOIRE
1153 620 114 20 Laborie.

841 769 62 22 VIII"
919 769 50 21 Arr.
985 768 163 27 (Madeleine).
1175 772 25 20 ̃<-
1214 768 130 21 Boulevard
1367 768 171 25 Malesherbes,

965 804 13 19 6
1000 805 23 18 et
1030 804 19 19 8.
1059 807 25 18 ->
1093 803 51 20 Rue
1155 803 27 20 de
1192 803 22 20 la
1224 803 126 25 Pépinière,
1360 802 19 20 3.

882 928 30 22 M.
927 928 30 22 et
972 928 45 22 M»'
1032 928 90 22 Alfred
1137 928 105 22 GOGUEL.

852 962 13 20 4
890 961 31 21 M.
936 964 22 18 et
970 961 51 21 M""
1035 962 27 20 A.
1077 961 187 21 TARDIVEAU.

852 996 11 19 7
891 995 63 20 B°*"
965 1000 31 15 DE
1006 994 198 25 MONTESQUIEU
1258 994 96 21 Villers.

891 1028 41 20 B«
941 1028 78 21 Pierre
1030 1034 32 14 DE
1069 1027 231 25 MONTESQUIEU.

891 1061 31 21 M.
937 1064 22 17 et
968 1061 50 21 M»"
1032 1061 82 21 Ernest
1128 1056 148 29 SOUQUÈS.

852 1096 14 19 8
891 1095 30 20 M.
936 1095 57 20 Jean
1008 1094 303 21 LACAVE-LAPLAGNE.

853 1128 13 21 9
893 1127 28 21 M.
942 1126 66 22 Paul
1024 1126 132 22 CAMUZET.

841 1161 25 21 12
892 1161 30 21 M.
936 1161 58 21 Jean
1005 1160 147 21 MESNAUD
1168 1167 31 14 DE
1213 1160 189 22 SAINT-PAUL.

841 1196 25 19 13
892 1194 47 20 M""
950 1200 31 14 nr
991 1194 150 20 MARMIER.

842 1228 24 21 24
893 1228 31 20 D'
939 1228 93 20 Amédée
1044 1228 189 20 DELAPORTE.

844 1529 23 19 14
894 1527 36 20 C"
944 1530 23 16 et
981 1527 65 20 C1""
1060 1527 121 20 Théodore
1195 1531 31 15 DE
1238 1522 119 26 NICOLAY
1402 1528 90 20 Dacos.

895 1560 40 19 M'1
943 1561 23 19 et
974 1560 51 20 M'"
1040 1565 31 15 DE
1080 1553 46 27 NOÉ
1174 1559 230 22 Guzman-Blanco.

845 1595 24 21 16
895 1593 35 22 G'1
944 1596 24 18 et
981 1593 66 22 CUl"
1063 1593 124 21 BIADELLI
1233 1593 150 21 Zubiaurre.
1452 1594 93 25 [Lundi]

895 1627 30 20 M.
940 1630 23 17 et
975 1627 51 20 M"
1040 1627 96 20 Francis
1150 1620 231 28 VIÉLÉ-GRIFFIN.

922 1795 63 21 XVI'
999 1795 51 20 Arr.
1068 1795 119 25 (Muette).
1200 1795 26 25 «-
1242 1795 49 21 Rue
1301 1796 28 19 de
1340 1795 21 20 la
1371 1795 69 25 Tour,
1450 1796 18 19 1.

1027 1832 25 17 ->
1066 1827 50 21 Rue
1131 1828 192 25 Boulainvilliers,
1334 1829 30 20 44.

862 1950 10 19 7
900 1949 29 19 M.
941 1950 23 17 et
973 1948 49 19 M»«
1033 1947 89 20 Achille
1131 1947 144 25 JACQUET.

900 1981 31 21 M.
943 1981 70 20 Henri
1026 1980 35 21 LE
1072 1979 92 22 ROUX.

851 2017 24 20 56
901 2015 30 21 M.
947 2014 120 26 Napoléon
1078 2008 194 27 NOBÉCOURT.

851 2051 22 19 67
901 2049 30 20 M.
946 2051 23 17 et
981 2048 52 20 M»
1047 2041 95 27 Étienne
1164 2048 24 20 L.
1212 2040 120 28 TR.ÉFEU
1355 2053 31 15 de
1401 2041 108 27 FRÉVAL

927 2081 159 22 Ratisbonne.

852 2116 25 21 78
902 2115 31 21 M.
947 2118 22 17 et
982 2115 48 20 M"'
1045 2114 84 21 Lucien
1140 2108 82 27 AUGÉ
1234 2120 30 15 DE
1275 2114 123 22 LASSUS.

852 2150 26 20 80
903 2148 30 21 M.
961 2151 21 17 et
992 2148 49 20 M–
1055 2147 81 20 Victor
1145 2147 200 21 MARGUERITE
1396 2148 99 20 Berner.

852 2182 26 21 84
905 2181 34 22 C"
951 2183 21 19 et
982 2181 66 21 C"1"
1060 2181 65 20 Ulick
1136 2181 128 20 de.GANAY
1309 2181 90 21 Ghika.

1028 206 217 26 PALATINE
1271 206 78 32 (rue)

1006 260 41 21 VI'
1064 260 51 21 Arr.
1131 260 51 20 Rue
1197 259 148 24 Garancière,
1359 260 18 19 2.

1018 466 185 25 PARADIS
1219 466 67 33 (rue
1300 465 53 33 du)

953 516 29 19 X"
997 516 90 20 Arr..t-
1108 516 123 25 Faubourg
1242 515 154 24 Saint-Denis,
1406 515 31 20 97.

990 552 25 19 ->
1030 548 124 26 Faubourg
1170 548 170 25 Poissonnière,
1358 549 30 19 66.

1040 713 208 32 PASQUIER
1263 715 76 33 (rue)

998 844 106 21 Paroisse
1140 843 239 22 Sainte-Madeleine.

1042 1359 133 26 PASSY
1193 1358 85 33 (quai
1291 1358 50 34 de)

979 1407 64 22 XVI'
1056 1408 52 22 Arr.
1121 1408 26 22 4-
1167 1408 49 21 Rue
1230 1408 143 26 Beethoven,
1387 1409 18 20 1.

952 1449 109 21 Paroisse
1102 1449 188 20 Annonciation
1303 1449 29 21 de
1345 1449 88 26 Passy.

1057 1742 135 25 PASSY
1205 1742 67 33 (rue
1286 1741 50 34 de)

960 1869 108 20 Paroisse
1103 1868 187 21 Annonciation
1304 1868 28 21 de
1346 1869 87 25 Passy.
