1749 2481
1018 104 220 32 Marronniers
1260 103 72 40 (rue
1351 102 71 40 des)

282 109 167 40 Marignan
469 107 75 43 (rue
557 107 52 42 de)

316 207 143 17 MARIGNAN
479 200 88 29 (suite)

94 252 26 20 12
148 251 38 20 P«
196 255 23 17 et
228 251 68 21 P~«»
306 257 32 15 DE
349 249 284 23 LUCINGE-FAUC1GNY
683 247 125 23 Choiseut-

172 285 125 29 Goufjler.
691 282 115 28 [Samedi]

95 322 24 19 ̃14
147 320 28 21 D'
189 320 28 21 et
231 319 50 21 M"»"
292 320 96 25 Eugène
404 318 85 22 APERT
532 318 71 22 Noël.

146 353 66 21 B°«™
222 359 31 15 DE
264 352 142 23 BOSMELET
459 352 143 21 Wœlmont.
723 350 83 27 [Jeudi]

146 387 28 21 M.
188 387 57 21 Just
259 387 85 21 LISCH.

146 422 30 19 M.
194 422 79 19 Pierre
289 421 125 20 ONFROY
431 425 32 15 DE
477 413 160 27 HRÉVILLE.

146 455 31 20 M.
193 455 79 20 André
288 454 127 21 ONFROY
430 460 31 15 DE
473 448 163 27 BRÉVILLE.

144 489 31 20 M.
187 488 89 21 Gaston
286 487 150 22 REGNARD
447 493 32 15 DE
491 486 105 22 REZEL.

146 522 37 21 C"
193 522 89 25 Joseph
293 527 31 14 DE
337 521 123 20 SINETY.

146 556 50 20 M-
212 555 25 21 T.
253 561 47 14 DEL
314 554 109 21 VALLE.

96 594 25 21 15
147 594 30 21 M.
193 596 23 18 et
230 593 44 24 M»»
288 593 118 24 François
423 598 31 15 DE
469 591 130 22 LESTAPIS
648 591 93 26 Vaney.

147 628 64 20 B««
234 627 127 21 PELLENC
422 626 119 21 Huillier.
694 624 115 27 [Samedi]

147 661 51 21 M»«
212 662 84 20 Frantz
306 660 114 22 VANEY.

148 695 43 20 B°»
201 697 22 18 et
232 695 65 20 D""
307 694 72 21 Henri
394 700 31 15 DE
441 693 144 22 VASSART
598 691 175 23 d'ANDERNAY

176 728 93 27 Vaney.
336 728 83 26 [Lundi
434 731 23 17 et
469 727 121 21 Vendredi
605 729 71 23 après
688 727 12 21 S
713 725 99 26 heures}

100 764 25 20 15
136 762 37 21 bii
183 762 50 20 M–
244 761 213 22 DEFORCEVILLE
506 760 114 27 Duruflé.

149 796 31 21 M.
190 795 27 21 et
230 795 41 21 M»»
283 794 87 22 LARDY
417 795 99 21 Vernes.
715 792 94 27 [Lundi]

101 830 24 21 16
152 830 32 20 Le
194 828 97 22 Colonel
301 829 84 20 Ernest
395 828 143 21 ALLAIRE.

150 863 31 21 M.
192 863 66 20 Jules
267 862 140 21 ALLAIRE.

150 898 67 20 C'
229 897 89 20 Octave
330 896 159 21 n'ASSAILLY
535 896 83 20 Canin
629 895 131 21 Gridaine.

149 932 71 19 Vf»,
230 936 32 15 DE
273 930 212 21 CAUDECOSTE.
716 928 93 26 [Mardi]

150 965 41 21 V"
205 965 108 25 Auguste
327 969 31 15 DE
373 964 194 21 CHASSEVAL.

151 999 43 20 B1»
201 1001 23 18 et
236 998 64 20 B-»»"
309 997 70 21 Henri
390 1003 33 15 DE
440 997 204 21 GALEMBERT:
660 996 150 21 Hennecart.

152 1057 30 20 M.
194 1061 23 16 et
227 1056 50 20 M--
286 1056 91 20 Marcel
388 1056 187 20 LENIERCIER-
674 1029 136 27 [Vendredi]

152 1057 30 20 M.
194 1061 23 16 et
227 1056 50 20 M»«
286 1056 91 20 Marcel
388 1056 187 20 LEMERC1ER.

153 1090 37 21 C"
200 1096 31 14 DE
242 1090 143 20 REII,IIAC.

153 1125 37 20 C»
199 1124 82 25 Roger
295 1129 31 15 DE
340 1123 105 21 RIGNY.

152 1158 32 21 Le
195 1157 99 21 Général
303 1156 33 22 et
352 1156 33 22 M–
401 1156 100 22 VARGAS
547 1155 163 26 Marroquin.
723 1153 89 27 [Lundi]

101 1194 23 19 ̃H
153 1192 49 20 M»"
212 1191 89 20 Arthur
310 1190 96 21 MARX.

152 1226 42 20 B«»
204 1229 23 17 et
236 1225 64 20 B""
319 1231 33 15 DE
361 1224 85 21 NERVO
493 1223 101 22 Sansal.
620 1223 123 26 [Mercredi
754 1218 11 29 i
776 1218 34 29 h.]

154 1259 40 21 M;-
205 1261 23 18 et
237 1258 52 21 M'"
300 1264 31 16 DE
342 1253 105 26 TILIÈRE
491 1257 162 27 Raigecourt.
722 1255 90 27 [Lundi]

103 1294 25 20 18
156 1293 30 21 M.
194 1295 25 18 et
226 1292 49 21 M"«
283 1292 43 21 Ch.
337 1298 33 15 DU
379 1288 65 25 BOVS
490 1291 114 24 Quinette
615 1290 28 21 de
653 1289 160 22 Roehemonl.

153 1326 93 21 M«»de
260 1325 196 22 GARSIGNIES.

153 1360 42 20 B"
206 1359 154 26 QUINETTE
371 1365 32 15 DE
413 1358 204 22 ROCHEMONT.

154 1394 31 20 M.
197 1393 94 21 Gabriel
301 1393 108 21 SERRE.

154 1428 67 21 Cu».
231 1433 32 15 de
274 1426 178 23 VALICOURT
462 1426 168 21 d'AMBRINF.S
677 1426 136 25 Meaupou.

682 1453 132 26 [Mercredi]

155 1490 41 20 V"
207 1488 118 22 Christian
336 1495 31 14 DE
376 1486 165 23 VALICOURT
559 1486 202 23 d'AMBRINES.

157 1523 37 20 C"
204 1525 23 17 et
237 1522 66 20 C'"–
313 1522 19 20 J.
344 1528 32 14 DE
386 1522 161 21 VAUCELLES
598 1519 127 28 Vigncral.

157 1557 67 20 C'
233 1561 32 15 DE
276 1555 140 21 VIGNERAL
465 1554 155 27 Garsignie».

155 1590 41 21 V"
215 1593 23 17 et
260 1589 72 21 V'
355 1589 108 20 Fernand
478 1595 33 14 DE
525 1587 144 22 VIiJNERAL
716 1585 101 22 Louvel-

183 1623 86 27 Lupel.

108 1659 24 20 19
158 1657 50 21 M»'
219 1656 96 22 Gabriel
324 1656 128 22 CARRON
463 1662 32 15 DE
506 1656 41 21 LA
566 1650 164 26 CARRIÈRE.

159 1691 30 21 M.
201 1691 80 26 Roger
297 1690 127 22 CARRON
443 1697 32 14 DE
494 1690 39 21 LA
551 1684 164 27 CARRIÈRE.

157 1725 32 21 M.
200 1728 23 17 et
231 1725 51 20 M«»
292 1725 64 20 René
365 1725 263 21 DARGNlES:ias«««
637 1722 178 21 Saint-Genièa.

159 1760 36 19 Ci.
213 1759 101 20 otC'
330 1759 146 20 DUFFOUR
499 1763 31 15 DE
549 1756 136 22 RAYMOND
739 1755 76 26 Clarg

682 1790 133 25 [Mercredi]

159 1825 31 20 M.
205 1828 23 17 et
241 1824 50 21 M™
305 1825 20 20 J.
340 1824 151 25 MARQUET
507 1830 31 15 DE
552 1822 16 22 V
584 1822 113 22 ASSELOT
744 1821 74 21 Mar-

185 1853 145 27 tin-le-Rotj.

160 1886 52 20 Mi..
222 1892 31 14 de
264 1885 88 21 PLŒUC
398 1885 122 21 Mauduit
528 1885 35 19 du
572 1884 105 20 Plessix.
686 1883 130 26 [Mercredi]

159 1919 33 20 M.
204 1919 32 20 01
252 1919 32 20 M-
294 1919 68 20 Jules
371 1924 48 15 VAX
429 1924 32 15 du
470 1914 188 25 WYNCKÈT.E.-

108 1954 22 18 ̃21
159 1953 41 19 V"
217 1955 23 17 et
258 1953 70 20 V>«»«
348 1958 32 15 DE
399 1950 285 23 BARUONNET-HYDE
699 1955 31 15 DE
742 1949 76 22 NEU-

187 1986 97 21 VILLE.
726 1982 90 26 [Mardi]

161 2020 31 21 M.
203 2020 26 20 et
242 2020 39 20 M""
294 2020 106 20 Edmond
411 2019 154 22 BASTARD.

161 2054 31 21 M.
202 2056 24 18 et
235 2053 49 21 M"
295 2053 107 26 Adolphe
417 2046 72 28 BIRIÉ
534 2052 121 21 Lémann.

161 2088 64 20 B«""
240 2094 31 14 DE
282 2087 126 21 FLAGHAC
460 2086 117 23 Renault.

161 2122 31 21 M.
208 2125 22 17 et
245 2121 49 20 M~
304 2121 72 22 Louis
391 2128 32 14 DE
438 2120 127 23 GOURDEN
614 2118 120 23 Battard.

161 2156 32 20 M.
204 2155 32 21 et
252 2155 32 21 M–
297 2155 104 26 Stephen
412 2148 136 28 LIÉGEARD
594 2153 91 22 Labbé.

161 2189 32 21 M.
205 2188 90 22 Gaston
306 2183 163 27 LIÉGEARD.

1090 202 143 17 MARIGNAN
1249 194 87 31 (Sllitç)

908 246 53 21 M'"
971 253 32 14 DE
1011 246 102 22 NATTES
1160 247 57 20 Lau
1226 246 158 20 d'AUemans.

909 281 41 20 M"
960 284 23 17 et
991 281 52 20 Mi"
1055 287 31 14 DE
1095 280 103 21 NATTES
1245 278 157 22 Dreux-Brésé

910 316 30 19 M.
953 316 79 26 Henry
1045 314 158 21 PLUMMER.

859 346 36 23 22
913 346 55 23 M""
986 346 184 23 BROLEMANN.

909 383 44 21 B«
962 388 32 16 DE
1004 383 39 21 LA
1051 381 194 23 TOURNELLE.

912 417 30 21 M.
954 417 82 20 Albert
1051 416 209 23 PONTREMOLI.

860 451 24 21 23
910 450 241 22 V–DUHESME.

910 484 31 21 M.
952 484 98 26 Wright
1060 484 87 21 POST.

911 518 30 20 M.
952 518 104 26 Jacques
1066 517 150 21 REUBELL.

911 551 50 21 M–
971 557 34 15 DE
1014 551 129 21 SANSAL.
1479 547 92 27 [Lundi]

911 585 40 20 M"
965 588 23 17 et
1001 585 51 20 M'»
1067 590 32 15 de
1117 584 163 22 VASSELOT
1300 589 32 15 DE
1351 576 88 28 RÉGNÉ
1494 581 78 22 Seiti-

936 624 70 15 caux
1016 618 29 20 de
1057 618 122 21 Greische.

911 652 31 21 M.
953 655 22 17 et
986 651 50 22 M""
1047 652 88 20 Gaston
1150 658 32 14 DE
1192 651 171 22 VAUXMORET
1420 649 151 21 Kérouârtz.

1128 686 125 26 [Vendredi
1268 686 98 25 excepté
1377 685 20 19 le
1412 685 32 19 l8*
1456 683 31 21 du
1501 683 71 25 mois]

860 721 26 19 24
913 720 65 19 B»*»«
989 720 112 20 Philibert
1110 719 212 21 MAROCHETTI.

911 754 30 20 M.
953 753 84 21 efcM»«
1047 753 59 21 Paul
1120 752 132 22 PERRET.

913 788 29 20 M.
954 790 22 18 et
987 787 49 21 M™
1047 787 105 21 Edmond
1164 786 116 22 TOUTAIN
1325 786 116 26 Boigu.es.

863 821 24 22 Si
914 821 39 21 yu
970 824 23 18 et
1007 821 70 21 V'
1095 821 80 20 André
1194 827 33 14 DE
1249 819 162 22 CHATELLUS
1468 818 104 21 Gallice.

1292 853 124 26 [Mercredi
1433 854 72 25 après
1519 852 12 19 4
1540 851 32 25 h.]

913 889 31 20 M.
960 891 23 18 et
996 888 50 20 M»'
1057 888 57 20 Paul
1129 887 119 22 DESPREZ
1292 885 179 23 Mac-CUUan.

914 922 50 20 M»«
974 922 88 21 Lueien
1073 921 167 21 ROBINEAU.

913 955 24 22 M.
949 955 24 22 et
983 955 51 21 M™"
1044 955 71 21 Henri
1127 955 141 21 THOMAS
1269 954 158 22 -.Suduiraut.
1439 953 134 27 [Mercredi]

863 990 23 21 27
914 989 30 21 M.
961 990 53 25 Guy
1028 995 32 15 DE
1075 988 132 22 COURCY.

863 1024 25 20 29
914 1022 176 21 Mademoiselle
1100 1028 32 14 DE
1143 1021 201 21 BONTEVILLE.

914 1056 51 20 M».
974 1056 40 20 W.
1027 1056 166 20 GOMPERTZ
1204 1060 32 15 ne
1245 1052 92 24 VOÏS.

915 1090 30 19 M.
957 1091 23 18 et
990 1089 51 20 M««
1052 1089 104 20 Gustave
1166 1089 194 20 GUASTALLA.

1014 1199 203 27 MARIGNY
1230 1199 131 33 (avenue
1377 1198 51 34 de)

904 1254 64 21 VIII"
983 1255 52 20 Arr.
1054 1253 150 27 (Madeleine).
1216 1253 37 27 •<-
1268 1254 96 20 Avenue
1383 1251 101 28 Gabriel,
1500 1252 34 21 36-

997 1291 27 20 ->
1033 1288 50 21 Rue
1094 1287 30 21 du
1134 1287 264 24 Faub.-Saint-Honorê,
1408 1287 33 21 56.

973 1330 107 22 Paroisse
1121 1329 345 31 SaiiU-Pkiiippe^da-Roule,

879 1413 9 19 1
917 1411 31 20 M.
959 1413 23 18 et
991 1410 51 21 M»«
1051 1411 81 20 Albert
1143 1417 31 14 DE
1189 1409 175 22 BOISFLEURY
1413 1408 125 22 Viellard.

918 1444 37 21 O
965 1446 24 18 et
999 1444 67 20 C«""
1077 1449 31 14 DE
1118 1444 116 21 GUICHEN
1283 1443 120 21 Viellard.

918 1478 36 20 C"
965 1480 24 17 et
1002 1477 66 20 C"»«
1083 1477 107 20 Fernand
1203 1477 32 20 de
1251 1477 114 20 VIBRAYE
1418 1476 126 22 Viellard.

917 1510 51 20 M–
977 1510 136 21 VIELLARD
1159 1511 115 19 Pruines.

918 1545 31 20 M.
965 1547 23 17 et
1001 1543 50 20 M™
1066 1544 82 21 Albert
1157 1544 140 21 VIELLARD
1347 1543 96 27 Lisprê.

866 1579 26 20 23
919 1578 42 20 B°»
970 1580 23 18 et
1001 1577 47 21 B"«
1063 1577 110 21 Gustave
1184 1584 32 14 DE
1225 1577 212 22 ROTHSCHJLD:
1446 1577 131 26 Anspach.

1236 1611 72 26 [Tous
1319 1612 34 20 les
1366 1611 67 26 jours
1443 1611 71 26 après
1521 1610 11 26 5
1543 1610 34 26 h.]

918 1645 43 21 B«
971 1645 89 21 Robert
1074 1651 31 14 DE
1119 1644 207 22 ROTHSCIIILD.

919 1679 30 21 B™
964 1679 30 21 et
1006 1679 63 20 B«»~
1080 1678 162 22 LAMBERT:
1253 1678 159 22 Rothschild.

918 1714 32 21 M.
961 1716 23 18 et
993 1713 51 21 M»«
1054 1713 176 21 Eward-Albert
1244 1712 121 23 SASSOON
1419 1711 161 23 Rothtehild.

867 1748 28 21 25
920 1747 42 20 B«»
972 1746 117 22 Christian
1100 1753 31 14 DE
1141 1744 438 23 MULLENHEIM-ROSENBOURG.

868 1781 26 21 29
922 1781 36 20 C"
973 1781 136 20 Francesco
1124 1780 92 21 MELZI
1232 1780 101 21 d'ERIL.

920 1814 49 19 M»«
982 1814 66 20 Léon
1059 1814 64 19 PRAT
1166 1814 11 25 r
1188 1814 88 25 Hautorj.

920 1841 69 25 B°»«
1006 1841 174 25 T'SERCLAËS
1197 1851 31 15 DE
1242 1846 222 21 WOMMERSOM.

989 1955 306 26 MARRONNIERS
1311 1955 68 33 (rue
1394 1954 68 33 des)

948 2007 65 21 XVI»
1023 2009 52 19 Arr.
1087 2008 112 27 (Muette)
1210 2008 28 23 «-
1252 2008 42 23 Rue
1305 2008 151 27 Raynouard,
1467 2008 34 20 78.

986 2051 136 21 Paroisse:
1134 2051 190 21 Annonciation
1336 2050 28 22 de
1378 2051 88 27 Passy.

871 2122 32 22 22
919 2122 32 22 M.
969 2125 21 18 et
1005 2122 51 21 M»»
1069 2123 48 21 Léo
1132 2130 32 14 DE
1178 2123 146 23 MESTRAL
1343 2122 200 23 COMBREMONT

948 2156 83 21 Bancs
1042 2156 28 21 de
1081 2157 144 22 Gardonne.

923 2190 31 21 M.
969 2190 82 21 Victor
1065 2198 32 14 DE
1111 2191 147 21 MESTRAL
1272 2190 229 23 COMBUEMONT.
