1749 2481
659 82 202 39 ÉLÉMENTS
887 91 51 29 DU
960 91 145 30 BLASON

311 203 498 77 ÉLÉMENTS
869 218 134 62 DU
1063 215 385 66 BLASON

171 363 31 20 Le
217 363 95 21 Blason
326 365 36 19 est
376 364 22 19 la
412 364 93 20 science
516 364 28 21 de
554 366 48 18 tout
612 370 27 14 ce
649 364 38 26 qui
702 369 26 15 se
742 367 108 24 rapporte

144 402 47 16 aux
198 397 148 24 Armoiries,
357 398 38 25 que
407 398 64 25 l'Art
480 398 146 26 héraldique
634 399 111 25 enseigne
753 401 14 19 à
775 399 76 26 repré-

144 434 80 18 senter
236 433 92 20 suivant
343 432 35 21 les
387 432 78 27 règles
475 432 97 21 établies

171 465 31 21 Ce
212 467 59 20 n'est
286 465 65 28 qu'en
365 473 31 14 un
411 466 93 21 volume
518 468 68 26 qu'on
600 469 54 24 peut
668 472 102 21 exposer
784 467 66 21 d'une

143 499 71 25 façon
225 500 114 25 complète
354 500 34 20 les
402 500 116 26 principes
528 500 28 21 de
566 503 59 18 cette
635 500 95 21 science
744 503 22 18 et
775 501 29 20 de
814 504 37 17 cet

144 536 37 19 art
197 534 34 21 En
241 535 113 26 quelques
364 535 81 25 lignes,
461 535 37 26 ici,
513 540 60 15 nous
582 535 52 20 n'en
644 540 107 21 pouvons
762 536 89 19 donner

141 567 70 27 qu'un
226 574 92 21 aperçu.

168 602 65 21 Dans
249 603 23 21 la
288 603 154 27 composition
461 603 43 22 des
519 604 141 23 armoiries,
674 604 17 20 il
704 603 49 22 faut
768 604 81 21 distin-

142 642 49 20 guer
232 638 21 19 1»
265 630 83 32 VÉeu;
361 637 22 20 2°
397 636 34 21 les
444 630 117 34 Émaux;
575 640 21 18 et
609 638 22 20 3-
645 637 34 21 les
694 637 110 22 Meubles
819 644 30 15 ou

142 670 107 27 Figures
259 671 38 27 qui
307 671 140 21 constituent
457 671 22 21 la
488 672 72 27 partie
574 672 140 26 essentielle;
729 674 22 18 et
766 679 84 14 acces-

142 1877 86 20 l'ordre
238 1877 29 19 de
275 1875 168 21 numérotation
454 1874 28 21 de
492 1876 23 20 la
523 1875 72 25 figure
606 1875 19 25 2,
644 1877 64 18 sont:
723 1875 21 19 1"
754 1875 94 20 canton

141 1911 89 21 dextre
240 1911 34 21 du
284 1910 71 27 chef;
367 1911 22 20 2°
397 1910 72 26 point
480 1909 136 21 d'honneur
626 1909 35 21 du
672 1909 71 27 chef;
755 1910 22 20 3°
791 1915 58 15 can-

142 1947 43 20 ton
203 1947 105 19 senestre
325 1944 35 20 du
376 1943 71 28 chef;
468 1944 22 20 4*
507 1945 71 26 flanc
603 1943 104 26 dextre;
726 1944 22 20 5*
771 1949 77 17 cœur,

140 1980 23 20 G°
177 1980 72 26 Jlanc
269 1980 96 24 senestre
405 1979 21 19 7.
445 1979 93 19 canton
556 1977 86 21 dextre
661 1977 28 21 de
703 1977 28 21 la
750 1977 75 28 pointe

141 2013 23 20 8»
172 2012 101 28 pointe;
282 2013 22 20 9°
316 2012 91 20 canton
417 2013 105 19 senestre
532 2011 28 20 de
572 2011 24 20 la
604 2011 92 27 pointe.

170 2047 44 21 Les
225 2048 66 21 côtés
303 2046 149 27 s'appellent:
464 2050 29 16 en
502 2046 63 25 haut,
576 2045 69 27 chef;
654 2050 29 16 en
692 2045 51 25 bas,
751 2046 100 26 pointe;

143 2081 14 21 à
175 2080 22 22 la
211 2082 75 21 droite
301 2081 27 21 de
344 2079 175 27 l'observateur,
538 2081 96 24 senestre
674 2080 15 20 à
705 2085 27 15 sa
749 2079 101 26 gauche,

143 2115 94 21 dextre.

172 2148 31 21 Le
220 2150 84 26 champ
321 2151 54 25 peut
392 2148 48 21 être
456 2148 75 21 divisé
550 2154 28 15 en
593 2147 114 28 plusieurs
721 2147 128 26 partitions.

147 2184 45 20 Les
203 2184 140 26 principales
354 2185 45 19 sont
434 2183 20 20 le
466 2183 72 27 parti
547 2184 21 19 et
578 2183 20 20 le
610 2182 82 27 coupé,
704 2182 55 21 dont
768 2182 23 21 la
800 2182 52 20 réu-

144 2222 57 17 nion
218 2218 76 21 donne
311 2217 132 24 Véeartelé;
458 2218 22 20 le
495 2217 104 22 tranché
612 2219 22 19 et
643 2217 21 21 le
675 2216 78 23 taillé,
764 2217 56 21 dont
829 2216 23 21 la

904 364 137 21 soirement:
1053 366 21 19 i°
1084 365 21 20 le
1118 364 128 27 Timbre;
1260 364 42 27 les
1315 364 107 21 Tenants
1432 370 30 14 ou
1477 364 135 27 Supports,

903 399 22 21 6'
936 399 21 20 le
968 399 51 23 Cri,
1031 400 23 21 la
1062 400 85 21 Deoise
1156 402 23 19 et
1188 400 22 21 la
1220 400 117 26 Légende,
1346 399 70 26 enfin,
1427 400 21 20 7»
1459 399 20 21 le
1487 399 124 21 Manteau

904 436 22 18 et
936 433 21 20 le
967 434 124 21 Pavillon.

930 469 19 19 I.
964 468 99 22 L'écu.
1114 469 75 26 L'écu,
1207 469 27 21 de
1250 469 76 21 forme
1343 467 102 23 variable
1467 468 92 20 suivant
1575 467 36 20 les

903 508 67 20 pays,
981 502 83 21 affecte
1075 503 179 21 ordinairement
1268 510 28 14 en
1312 504 88 20 France
1415 503 33 20 les
1462 502 151 27 proportions

904 542 44 21 que
959 542 59 15 nous
1034 537 107 20 donnons
1158 537 116 21 ci-contre.
1294 537 17 21 Il
1326 537 50 21 faut
1389 537 146 20 mentionner
1543 542 69 21 pour-

903 570 46 23 tant
960 570 57 23 l'éeu
1036 576 28 16 en
1080 571 125 25 bannière,
1214 571 95 22 réservé
1320 577 46 15 aux
1377 570 130 22 chevaliers
1520 570 91 21 banne-

903 607 54 23 rets,
968 607 23 17 et
1000 604 58 22 l'écu
1070 612 28 14 en
1109 605 108 27 losange,
1229 606 95 22 réservé
1334 612 47 15 aux
1394 605 59 21 filles
1462 604 91 21 nobles.

928 639 33 20 La
969 639 93 21 surface
1073 639 28 21 de
1111 639 59 21 l'écu
1177 646 26 14 se
1213 645 93 15 nomme
1314 640 21 21 le
1345 640 96 27 champ.
1452 639 35 21 On
1501 638 20 20 le
1536 639 75 21 divise

903 679 28 14 en
949 673 64 27 neuf
1025 674 95 27 parties
1135 673 164 28 principales,
1317 674 55 21 dont
1386 673 34 21 les
1430 679 75 18 noms,
1517 673 94 21 suivant

902 1872 97 20 réunion
1017 1872 76 20 donne
1108 1870 120 22 Yécartelé
1240 1876 29 14 en
1283 1871 117 25 sautoir;
1413 1870 20 21 le
1448 1871 76 21 tiercé
1533 1878 28 15 en
1573 1873 40 26 pal

903 1912 28 14 en
941 1905 75 27 fasce,
1028 1912 29 14 en
1067 1905 83 26 bande,
1164 1910 27 15 en
1202 1904 66 21 barre
1280 1911 29 14 ou
1325 1911 28 14 en
1363 1905 83 26 pairle;
1461 1905 21 20 le
1497 1906 113 26 gironné,

903 1939 137 28 lejtanqué,
1052 1939 21 21 le
1081 1938 129 29 chappé.le
1218 1938 110 26 chaussé,
1339 1939 168 26 lémantelé,le
1518 1941 61 23 vêtu,
1589 1941 21 21 le

901 1973 59 28 palé
973 1975 22 18 et
1008 1973 22 21 le
1039 1973 75 28 faseê
1122 1973 38 27 qui
1172 1973 137 20 deviennent
1320 1973 20 20 le
1352 1973 94 27 eenjeté
1458 1975 22 18 et
1495 1973 20 21 le
1526 1974 86 22 barété

903 2007 103 27 lorsqu'il
1018 2014 14 21 y
1043 2013 14 15 a
1066 2008 52 25 plus
1129 2007 27 21 de
1165 2007 48 20 huit
1223 2007 69 26 pièces
1334 2007 20 20 le
1371 2007 81 21 bandé
1464 2010 22 18 et
1499 2008 22 21 le
1536 2009 78 21 barré

903 2043 38 26 qui
952 2042 139 21 deviennent
1100 2041 21 21 le
1132 2041 78 21 coticé
1218 2047 29 14 en
1257 2041 75 21 bande
1345 2047 30 15 ou
1383 2048 28 14 en
1422 2041 76 28 barre,
1509 2042 105 28 lorsqu'il
1596 2045 18 20 il

904 2083 15 20 y
931 2082 13 15 a
954 2075 52 27 plus
1017 2076 27 21 de
1056 2075 48 21 huit
1114 2075 69 27 pièces
1218 2075 20 20 le
1249 2075 122 26 chevronné
1408 2075 34 22 les
1453 2077 83 26 points
1546 2079 68 26 équi-

903 2110 80 27 polés;
992 2109 128 27 Yéchiqueté
1154 2109 20 20 le
1186 2108 91 27 losange
1312 2109 23 26 le
1346 2109 80 26 fuselé,
1439 2112 43 20 etc.

929 2145 65 20 Dans
1004 2144 122 25 l'écart«lé,
1141 2143 90 27 chaque
1246 2143 99 22 division
1363 2144 109 28 s'appelle
1488 2151 30 15 un
1536 2151 77 21 quar-

905 2180 55 22 tier,
976 2181 22 18 et
1017 2177 117 27 lorsqu'un
1150 2178 101 25 quartier
1261 2182 34 18 est
1306 2179 116 22 lui-même
1432 2179 107 28 écartelé,
1550 2181 15 21 il
1576 2184 37 19 est

904 2215 32 21 dit
945 2212 207 23 contre-écartele.
