1749 2481
698 61 203 38 ÉLÉMENTS
923 70 51 31 DU
996 73 145 31 BLASON

207 162 92 22 Parfois
313 168 30 15 un
357 162 43 21 écu
414 162 52 26 plus
480 161 54 27 petit
549 164 36 18 est
601 160 66 28 placé
677 167 30 15 en
725 167 70 14 cœur
813 167 31 15 ou
859 167 29 15 en

180 196 83 22 abime
272 200 23 18 et
302 199 36 18 est
345 196 82 27 appelé
435 195 37 22 sur
484 195 25 22 le
520 197 68 25 tout;
595 201 31 15 on
635 195 22 21 le
666 195 116 21 blasonne
789 194 64 22 alors
861 200 28 15 en

181 231 93 21 dernier
287 231 52 20 lieu.

209 265 110 21 Chacune
330 265 27 20 de
367 270 40 16 ces
418 265 111 20 divisions
539 266 55 26 peut
603 264 108 21 recevoir
718 264 34 20 les
762 263 87 27 figures
860 269 29 15 ou

182 300 106 20 meubles
299 300 55 20 dont
362 305 60 15 nous
432 299 94 27 parlons
534 300 53 26 plus
597 299 54 21 loin.

209 352 35 20 II.
262 352 51 21 Les
330 351 108 21 émaux.
456 351 18 21 –
486 351 44 20 Les
540 351 85 21 émaux
636 356 26 15 se
673 351 100 21 divisent
783 356 21 14 en

209 386 29 20 A.
248 386 68 20 Deux
326 385 117 21 métaux:
453 391 30 14 or
492 387 22 18 et
525 387 105 25 argent;

209 419 18 21 B
243 419 57 27 Cinq
309 418 108 22 couleurs
430 418 27 22 ou
467 418 93 22 métaux
568 421 150 25 proprement
726 418 55 21 dits:
790 418 100 28 gueules

181 454 101 27 {rouge),
296 460 65 14 azur
371 453 76 27 (bleu),
462 453 95 28 sinople
575 453 74 26 (vert),
665 459 114 22 pourpre
796 453 95 26 (violet),

183 488 68 21 table
257 489 58 25 (noir)

210 523 26 21 C.
255 523 67 21 Deux
334 523 146 26 fourrures,
498 522 109 22 hermine
624 525 23 17 et
665 522 65 23 vair,
750 521 46 27 qui,
815 527 43 21 par
871 521 21 20 le

184 557 157 27 changement
355 557 41 21 des
413 557 117 27 couleurs,
545 557 103 21 donnent
658 556 22 21 la
691 555 199 23 eontre-hermin,

186 593 23 19 et
218 591 21 20 le
248 591 132 21 contre-vair

209 625 64 22 Tous
281 631 40 15 ces
330 625 102 23 métaux,
438 625 85 21 émaux
530 628 23 18 et
559 625 131 27 fourrures,
696 631 27 15 se
731 624 162 27 représentent

183 665 44 22 par
241 660 41 21 des
296 660 84 27 points,
395 659 116 21 hachures
526 666 30 15 ou
571 659 87 28 figures
676 659 217 21 conventionnelles

187 700 44 21 que
241 700 60 16 nous
311 694 130 26 indiquons.

211 729 34 21 Eu
264 729 87 21 dehors
367 729 27 21 de
409 729 22 21 la
448 729 143 24 carnation,
611 734 59 20 pour
693 728 148 25 représenter
859 728 34 21 les

185 762 88 28 chairs,
283 769 31 14 on
323 762 120 28 n'emploie
453 764 72 25 guère
535 769 28 14 en
574 763 90 20 France
675 769 45 20 que
732 768 40 15 ces
784 763 109 20 couleurs

187 797 119 26 régulières
347 796 15 21 il
376 797 52 20 n'en
441 799 37 18 est
487 802 42 20 pas
540 797 27 20 de
579 797 76 20 même
664 803 31 14 en
705 796 147 27 Angleterre,
864 802 29 15 ou

188 830 111 28 l'orange
306 834 36 17 est
356 830 51 22 d'un
420 835 74 22 usage
505 830 113 28 fréquent,
634 830 23 20 ni
667 837 28 14 en
706 831 146 26 Allemagne,
864 837 31 14 ou

188 865 24 20 la
222 865 108 20 fantaisie
340 865 54 20 s'est
404 865 76 20 donné
490 865 65 26 large
566 865 110 21 carrière.

212 900 35 22 En
257 900 103 27 principe
371 905 30 16 on
410 906 28 14 ne
448 905 58 21 pose
516 905 42 19 pas
572 899 71 22 métal
659 904 42 16 sur
714 899 79 25 métal,
804 900 23 19 ni
837 904 58 16 cou-

187 934 52 21 leur
248 941 41 15 sur
299 934 101 25 couleur,
412 934 58 21 mais
484 934 35 20 les
536 934 136 26 exceptions
683 936 54 19 sont
752 933 142 27 fréquentes,

188 969 36 21 En
233 969 71 26 pareil
314 975 49 20 cas,
374 969 58 21 l'écu
442 971 35 18 est
487 968 32 21 dit
527 969 17 21 à
553 974 126 21 enquerre,
690 974 30 15 ou
732 970 13 19 à
754 968 138 26 enquerrir.

214 1020 49 22 III.
275 1020 125 22 Meubles
415 1025 36 16 ou
465 1019 120 27 figures.
600 1019 15 27 –
631 1018 69 22 L'écu
711 1021 54 24 peut
779 1019 48 21 être
843 1018 52 22 d'un

188 1055 52 20 seul
249 1055 70 20 émail
329 1060 56 15 sans
394 1055 98 26 figures:
503 1055 16 19 il
528 1056 36 19 est
576 1054 63 20 alors
646 1054 34 28 dit
691 1054 69 28 plein.
771 1054 60 20 Mais
838 1054 14 20 il
860 1056 36 18 est

187 1089 184 21 ordinairement
379 1090 86 25 chargé
475 1089 52 20 d'un
537 1094 31 16 ou
578 1089 117 26 plusieurs
706 1088 112 22 meubles.

214 1123 35 22 On
260 1125 54 25 peut
324 1124 88 21 diviser
420 1124 34 20 les
464 1124 105 20 meubles
580 1130 30 14 ou
621 1122 88 27 figures
723 1129 29 14 en
760 1123 80 27 pièces
852 1123 44 20 ho-

188 1158 118 27 norables,
319 1158 92 27 figures
425 1157 157 27 héraldiques
596 1159 23 19 et
629 1157 98 26 figures
744 1156 150 26 ordinaires,

214 1192 31 20 A.
256 1192 46 21 Les
317 1192 83 21 PIÈCES
414 1197 171 20 HONORiBLES,
595 1191 40 27 qui
645 1193 116 18 couvrent
771 1190 124 21 ordinaire.

188 1229 65 18 ment
266 1226 22 21 le
302 1226 57 20 tiers
369 1231 30 16 ou
410 1226 21 20 le
441 1228 69 25 quart
525 1226 30 21 du
574 1225 93 27 champ,
683 1228 50 18 sont
776 1224 20 21 le
810 1224 54 28 pal,
874 1224 23 20 la

188 1260 78 28 fasce,
278 1261 22 20 la
311 1260 85 24 bande,
410 1261 21 20 la
441 1260 81 25 barre,
537 1261 23 20 la
569 1260 81 26 croix,
661 1261 21 20 le
693 1260 108 22 sautoir,
813 1260 21 20 le
845 1259 51 21 che-

188 1295 60 23 vron,
260 1295 24 23 le
292 1294 82 28 pairie,
385 1294 23 28 le
417 1296 106 25 gousset,
531 1295 21 20 le
561 1294 62 27 ehef,
630 1294 20 21 le
658 1295 165 26 champagne,
830 1294 65 24 Vécu,

187 1329 22 21 le
222 1328 215 28 franc-quartier,
455 1329 20 20 le
492 1331 101 21 canton,
610 1328 23 21 la
651 1328 117 23 bordure,
785 1327 74 27 Vorle,
873 1328 23 20 la

188 1363 92 27 pointe,
291 1363 22 21 la
323 1363 58 27 pile,
392 1366 42 17 etc.

213 1396 143 21 Diminuées
365 1396 29 21 de
408 1397 99 26 largeur,
524 1403 41 14 ces
581 1396 78 27 pièces
670 1397 116 26 prennent
795 1395 100 26 d'autre,

188 1437 84 15 noms:
292 1432 23 19 la
332 1433 109 24 vergette,
456 1432 22 19 la
492 1431 125 23 burèle.la
629 1431 85 23 divise,
724 1431 24 26 la
760 1431 98 26 jumelle,
870 1431 24 26 la

188 1467 86 21 cotise,
284 1466 23 20 la
318 1468 114 20 traverse,
443 1466 23 20 la
474 1466 73 20 croix
558 1465 22 27 en
591 1465 66 27 filet.

216 1499 110 22 Chacune
336 1500 28 20 de
375 1506 39 15 ces
424 1500 80 26 pièces
513 1503 54 23 peut
576 1501 108 20 recevoir
697 1500 29 21 de
740 1499 157 22 nombreuses

191 1534 180 26 modifications,
388 1535 55 21 dont
458 1540 61 15 nous
533 1535 125 27 indiquons
668 1535 35 20 les
716 1534 54 26 plus
784 1534 113 25 usuelles;

187 1569 50 27 soit
249 1569 37 27 que
301 1569 36 21 les
351 1569 117 27 couleurs,
480 1575 28 14 au
524 1569 43 21 lieu
579 1569 70 21 d'être
659 1569 42 21 des
717 1569 76 27 lignes
809 1569 88 21 droites

188 1604 135 25 présentent
337 1602 41 21 des
394 1604 73 26 lignes
481 1604 102 20 courbes
597 1609 31 15 ou
644 1603 99 27 brisées,
759 1606 30 24 et,
800 1603 59 22 dans
868 1609 28 16 ce

188 1644 54 20 cas,
250 1639 35 20 les
293 1639 80 26 pièces
381 1644 26 16 se
414 1641 119 17 nomment
543 1638 94 23 ondées,
646 1639 119 22 nébulées,
771 1639 126 24 dentelées,

191 1672 124 23 denchées,
340 1673 128 25 engrêlées,
494 1673 97 22 vivrées,
609 1672 127 23 crénelées,
761 1673 137 23 bretessées,

191 1707 97 23 écotées,
307 1707 151 23 mortaisées,
477 1709 56 24 etc.;
561 1707 45 20 soit
632 1713 45 20 que
703 1707 35 20 les
762 1707 136 21 extrémités

188 1741 88 20 offrent
288 1741 38 20 une
338 1741 139 27 disposition
487 1741 154 26 particulière,
650 1746 92 15 comme
752 1740 146 27 lorsqu'elles

188 1777 56 18 sont
254 1774 111 23 alaiaées,
374 1774 101 27 pattées,
482 1774 135 27 poteneêes,
627 1774 109 23 ancrées,
742 1776 156 26 pommetées.

191 1808 96 25 fichées,
302 1810 44 19 etc.

216 1844 32 20 B.
262 1844 45 20 Les
319 1843 139 26 principales
474 1846 106 18 FIGURES
598 1843 176 22 héraldioues
793 1846 72 19 sont
875 1844 23 21 la

189 1878 125 21 croieelte,
325 1876 450 27 lejlanchi,lecarreau,l&billette,\e
789 1876 109 27 losange,

191 1911 24 21 la
228 1910 79 28 fusée,
327 1910 23 21 la
365 1910 86 24 mâele,
467 1910 21 21 le
507 1913 76 21 ruste,
602 1911 23 20 la
637 1911 86 27 frette,
735 1911 20 21 le
773 1911 75 21 beean
863 1912 36 25 (en

190 1945 89 26 métal),
293 1944 22 21 le
333 1946 118 19 tourteau
466 1945 36 25 (en
512 1945 113 26 couleur),
636 1944 121 24 l'annelet,
767 1944 22 21 le
800 1943 99 25 lambel,

193 1979 21 20 le
225 1978 75 22 bâton
307 1978 58 28 péri
375 1980 35 25 (eu
420 1978 75 21 bande
505 1984 29 15 ou
545 1985 28 14 en
583 1978 113 28 couleur),
708 1982 44 18 etc.

218 2013 45 21 Ces
273 2014 62 20 deux
345 2012 118 22 dernières
473 2013 88 25 figures
575 2016 95 18 servent
679 2014 182 20 ordinairement
869 2014 30 20 de

190 2047 121 24 brisures,
319 2053 58 19 pour
386 2047 104 26 indiquer
506 2053 45 15 une
574 2047 103 22 branche
695 2048 92 21 cadette
809 2054 31 15 ou
864 2048 36 21 bâ-

194 2082 72 21 tarde.

219 2116 28 21 C.
258 2116 44 20 Les
312 2121 100 16 figures
426 2121 143 16 ordinaires
582 2122 26 15 se
619 2116 148 21 subdivisent
779 2122 28 14 en
824 2118 76 20 natu-

192 2149 80 24 relles,
282 2149 162 28 chimériques
453 2156 31 15 ou
494 2150 162 27 artificielles.

222 2184 33 26 (a)
274 2184 45 20 Les
328 2185 95 26 figures
449 2185 134 21 naturelles
594 2185 161 26 représentent
770 2185 35 22 les
814 2186 86 22 choses

941 165 90 26 créées,
1041 165 34 22 les
1086 169 84 23 astres,
1181 166 34 21 les
1224 166 118 24 hommes,
1353 164 36 24 les
1403 167 122 26 animaux,
1537 167 35 21 les
1588 167 65 27 plan-

942 200 44 26 tels,
997 200 79 26 fleurs,
1087 203 44 19 etc.

968 233 46 21 Les
1023 234 53 26 plus
1086 235 88 21 usitées
1184 237 66 18 sont:
1260 235 22 20 le
1293 234 97 25 monde,
1400 235 35 21 les
1447 235 90 24 étoiles,
1543 236 21 20 le
1572 235 79 24 soleil,

943 266 19 22 le
973 267 58 24 lion,
1043 267 19 21 le
1074 267 110 29 léopard,
1196 269 21 20 le
1227 269 80 23 chien,
1317 268 91 28 l'aigle,
1419 269 20 21 le
1449 276 53 20 coq,
1514 269 22 21 la
1546 272 105 22 canette,

942 301 22 21 la
977 301 110 22 merlette
1104 304 89 25 (oiseau
1211 309 59 16 sans
1286 303 45 21 bec
1348 303 24 20 ni
1391 298 94 33 pattes),
1504 303 35 22 les
1559 304 91 27 arbres,

943 336 96 26 plantes,
1051 337 77 23 fleurs,
1144 340 44 18 etc.

968 371 35 25 (b)
1021 371 45 21 Les
1076 371 101 28 figures
1191 371 164 27 chimériques
1365 373 160 26 représentent
1539 373 35 21 les
1589 373 63 20 êtres

944 403 146 28 d'invention,
1100 412 92 15 comme
1203 406 34 21 les
1246 407 99 23 sirènes,
1356 406 35 21 les
1402 407 119 26 dragons,
1533 410 43 18 etc.

968 439 32 26 (c)
1012 439 44 21 Les
1069 440 96 27 figures
1179 439 155 29 artificielles
1350 441 162 27 représentent
1527 441 34 21 les
1576 441 76 27 objets

944 472 118 27 façonnés.

969 508 46 21 Les
1024 508 51 26 plus
1085 509 103 21 usuelles
1200 512 68 18 sont:
1279 509 23 21 la
1314 511 66 21 tour,
1391 509 21 22 le
1424 509 117 25 château,
1552 510 21 21 le
1580 512 73 26 pont,

944 539 23 25 la
977 543 103 22 molette,
1091 544 21 21 le
1124 550 42 15 roc
1177 544 157 27 d'échiquier,
1346 546 44 19 etc.

970 578 101 25 Presque
1081 580 76 19 toutes
1167 579 35 20 les
1212 578 88 26 figures
1311 581 53 18 sont
1373 579 164 26 représentées
1547 579 59 21 dans
1617 579 35 21 les

945 612 120 20 armoiries
1082 612 66 21 d'une
1164 612 70 26 façon
1251 613 148 21 déterminée.
1418 613 67 21 Nous
1501 619 29 15 en
1546 614 108 21 donnons

945 646 110 27 quelques
1065 647 111 21 modèles.
1185 646 62 22 Mais
1257 647 15 21 il
1280 654 17 20 y
1306 653 13 15 a
1328 647 43 21 des
1379 650 87 18 termes
1475 647 113 27 spéciaux
1596 654 58 21 pour

945 680 106 27 indiquer
1059 680 105 21 chacune
1175 681 42 20 des
1226 681 174 21 modifications
1417 682 67 20 d'une
1501 681 73 27 pièce.
1593 681 61 21 L'ai-

943 715 39 25 gle
992 716 14 19 à
1016 715 62 20 deux
1089 716 67 25 têtes,
1167 721 42 21 par
1219 716 116 26 exemple,
1347 718 36 18 est
1392 716 46 20 dite
1449 716 102 27 éployée.

972 750 87 20 Toutes
1075 749 35 22 les
1128 750 78 26 pièces
1222 753 55 18 sont
1292 750 111 21 tournées
1417 756 54 16 vers
1488 751 23 20 la
1526 752 83 20 dextre
1626 751 28 20 de

947 783 64 26 l'écu,
1029 785 14 19 à
1058 784 76 21 moins
1150 784 96 26 qu'elles
1256 791 29 14 ne
1295 785 77 20 soient
1386 785 60 21 dites
1455 784 29 22 de
1489 784 61 27 face
1560 791 30 15 ou
1600 791 56 15 con-

948 818 23 21 to
982 818 83 21 urnées.

972 852 45 21 Les
1026 851 104 22 meubles
1146 856 99 23 peuvent
1260 853 49 21 être
1324 859 30 14 en
1371 853 100 21 nombre
1481 859 30 14 ou
1521 856 136 25 aceotnpa-

947 886 56 27 cjnés
1013 886 100 21 d'autres
1124 886 112 22 meubles.

972 921 35 21 On
1015 921 145 27 indique.par
1169 922 42 20 des
1221 923 96 19 chiffres
1327 922 23 20 la
1357 923 112 25 position
1480 922 42 20 des
1536 922 80 27 pièces
1626 928 28 14 en

947 956 103 21 nombre.
1061 956 45 20 Dix
1115 957 78 24 pièces
1203 962 27 15 se
1240 959 84 24 posent
1334 955 171 23 ordinairement
1549 958 19 24 4,
1578 958 21 24 3,
1612 957 12 20 2
1634 960 21 17 et

949 991 7 24 1
989 989 45 26 six,
1044 990 43 25 3,
1096 992 23 19 et
1128 991 8 25 1
1172 990 56 27 cinq,
1239 990 22 27 2,
1274 992 9 19 1
1296 990 19 26 et
1324 990 9 26 2
1370 993 90 24 quatre,
1469 990 11 20 2
1491 990 23 20 et
1523 991 9 25 2
1568 989 67 26 trois,
1643 990 12 19 2

947 1026 22 18 et
984 1025 8 24 1
1026 1024 69 27 deux,
1111 1025 10 19 i
1140 1026 23 19 et
1178 1025 8 25 1
1221 1027 22 18 et
1259 1030 53 20 une,
1327 1030 29 14 au
1374 1027 80 18 centre
1469 1024 28 20 de
1512 1023 66 22 l'écu.
1589 1023 66 21 Nous

948 1057 106 21 donnons
1064 1064 30 14 un
1105 1058 105 27 exemple
1221 1058 29 21 de
1260 1064 41 15 ces
1312 1058 116 27 positions
1442 1064 59 15 avec
1514 1058 35 21 les
1560 1058 96 21 croiset-

948 1092 45 27 tes,
1004 1092 101 27 flanchis,
1116 1092 45 27 etc.

974 1127 44 20 Les
1028 1127 109 21 animaux
1147 1130 100 24 peuvent
1256 1128 48 21 être
1313 1130 141 24 rampants,
1463 1129 127 25 passants,
1601 1133 56 15 cou-

949 1163 78 21 rants,
1037 1161 72 25 assis,
1119 1161 112 24 couchés,
1241 1165 43 18 etc.
1294 1162 104 26 Lorsque
1406 1162 35 21 les
1449 1161 84 26 ongles
1542 1164 54 18 sont
1603 1161 52 21 d'un

948 1198 65 17 autre
1023 1195 76 27 émail,
1109 1202 31 14 on
1150 1196 33 20 dit
1191 1202 45 20 que
1245 1196 102 21 l'animal
1361 1199 37 18 est
1409 1197 71 20 armé
1492 1196 163 25 (carnassiers)

949 1235 29 14 ou
989 1228 71 27 onglé
1069 1229 86 25 (autres
1166 1230 107 26 animaux)
1309 1236 60 21 pour
1378 1230 22 21 la
1410 1230 94 26 langue,
1518 1236 30 14 on
1565 1236 26 14 se
1606 1231 49 19 sert

949 1263 40 20 des
1007 1265 62 18 mots
1089 1263 125 28 lampassé
1229 1264 118 25 (animaux
1364 1264 130 27 sauvages)
1512 1269 31 15 ou
1564 1263 93 28 langué

949 1298 106 27 (oiseaux
1066 1300 23 18 et
1097 1299 109 19 animaux
1216 1298 177 26 domestiques).

974 1332 110 21 L'animal
1099 1335 36 18 est
1151 1333 116 20 naissant
1284 1333 21 20 si
1318 1332 46 21 l'on
1379 1338 30 15 ne
1425 1332 48 21 voit
1489 1337 44 21 que
1544 1338 29 15 sa
1582 1332 74 26 partie

949 1367 124 27 supérieure
1117 1367 87 23 issant,
1221 1367 95 27 lorsque
1339 1369 61 19 cette
1419 1367 73 27 partie
1516 1370 49 18 sort
1588 1367 67 21 d'une

950 1403 65 19 autre
1026 1401 70 25 pièce.

975 1445 45 20 IV.
1031 1444 36 21 Le
1076 1444 113 21 timbre.
1205 1444 16 21 –
1229 1444 32 21 Le
1271 1444 82 20 timbre
1360 1444 129 26 comprend
1497 1443 21 21 le
1525 1449 91 21 casque
1625 1449 30 15 ou

949 1479 23 20 la
981 1485 133 17 couronne,
1125 1478 21 21 le
1156 1479 86 21 cimier
1252 1479 38 28 qui
1301 1482 121 17 surmonte
1438 1479 22 20 le
1478 1484 96 21 casque,
1588 1480 24 18 et
1621 1477 35 21 les

951 1513 175 26 lambrequins,
1141 1514 64 25 pièce
1222 1513 92 21 d'étoffe
1327 1513 121 27 découpée
1458 1512 39 27 qui
1506 1512 75 21 forme
1591 1517 67 15 orne-

949 1550 64 18 ment
1020 1549 84 19 autour
1115 1548 29 20 du
1153 1553 96 21 casque.

974 1583 31 20 V.
1024 1582 51 20 Les
1090 1583 113 20 tenants
1220 1584 26 19 et
1263 1582 147 26 supports.
1462 1581 44 20 Les
1522 1582 97 20 tenant.
1635 1582 21 18 et

949 1618 117 25 supports
1076 1620 52 17 sont
1139 1616 34 20 les
1183 1615 88 26 figures
1280 1616 46 26 qui,
1335 1616 29 20 de
1379 1616 91 25 chaque
1481 1615 60 23 côté,
1552 1615 105 21 soutien-

950 1654 54 18 nent
1013 1650 64 21 l'écu.
1095 1651 45 20 Les
1149 1649 90 27 figures
1248 1650 124 21 humaines
1382 1653 23 18 et
1413 1650 35 20 les
1459 1654 75 21 anges
1546 1652 54 18 sont
1615 1648 42 21 des

950 1686 99 25 tenants,
1070 1686 21 18 et
1110 1684 36 21 les
1165 1684 111 21 animaux
1304 1684 42 21 des
1365 1685 120 26 supports.
1513 1682 93 22 Parfois
1625 1688 31 14 un

950 1720 79 19 tenant
1047 1717 41 21 fait
1105 1718 52 20 face
1174 1719 14 19 à
1205 1723 32 15 un
1254 1719 111 25 support;
1384 1717 60 21 dans
1461 1722 28 15 ce
1506 1722 51 21 cas,
1575 1722 30 14 on
1623 1716 33 20 les

951 1752 89 27 appelle
1050 1746 53 26 tous
1113 1752 34 20 les
1158 1752 69 25 deux,
1239 1754 98 18 tenants.

975 1796 48 19 VI.
1043 1793 69 28 Cris,
1127 1793 113 22 devises
1257 1795 26 20 et
1301 1793 148 26 légendes.
1494 1793 31 21 Le
1536 1793 38 21 cri
1583 1798 32 15 ou
1624 1793 34 20 cri

952 1829 27 20 de
990 1834 82 21 guerre
1083 1828 101 20 s'inscrit
1193 1833 41 15 sur
1243 1834 31 14 un
1284 1827 60 20 listel
1355 1827 125 21 au-dessus
1491 1827 31 20 du
1532 1827 85 20 cimier.

977 1864 32 20 La
1019 1863 97 25 légende
1126 1868 26 15 se
1163 1862 66 26 place
1240 1867 30 17 au
1280 1862 76 20 même
1367 1862 99 20 endroit.

976 1897 34 20 La
1027 1896 78 21 devise
1121 1899 43 22 est,
1182 1902 29 14 au
1227 1896 125 24 contraire,
1366 1895 95 21 inscrite
1476 1901 42 14 sur
1533 1902 31 15 un
1584 1894 75 22 ruban

952 1930 140 22 au-dessous
1103 1930 27 21 de
1141 1930 65 20 l'écu.

977 1975 59 20 VII.
1053 1974 154 20 Manteaux
1222 1975 28 19 et
1266 1972 188 26 pavillons.-
1471 1972 108 22 Certains
1592 1973 66 21 titres

952 2010 22 18 et
988 2007 114 21 certaines
1119 2007 118 20 fonctions
1253 2005 93 22 donnent
1359 2005 26 22 le
1397 2006 60 21 droit
1472 2005 29 21 de
1515 2007 78 26 placer
1609 2007 51 21 der-

952 2042 58 20 rière
1026 2041 56 20 l'écu
1098 2043 23 18 et
1136 2046 41 15 ses
1192 2042 79 19 autres
1288 2040 106 21 attributs
1410 2046 31 15 un
1458 2043 120 19 manteau
1591 2042 68 20 d'une

952 2075 74 22 forme
1035 2075 153 25 particulière.
1203 2074 46 22 Les
1262 2074 142 21 souverains
1413 2078 147 17 surmontent
1568 2078 24 17 et
1601 2081 60 13 rou-

953 2111 65 20 vrent
1027 2109 21 20 le
1056 2111 108 18 manteau
1174 2108 52 21 d'un
1235 2108 119 28 pavillon.

1201 2185 96 26 (Droit»
1307 2185 28 21 de
1345 2186 179 27 reproduction
1535 2186 123 26 réservés.)
