1749 2481
1099 87 160 31 Concorde
1278 85 104 41 (place
1402 85 39 32 de
1460 84 43 41 la)

273 86 345 34 Cloitre-Notre-Dame
637 87 71 42 (rue
728 86 56 41 du)

210 182 472 27 CLOITRE-NOTRE-DAME
704 181 68 35 (rue
793 179 53 34 du)

326 233 52 22 XV"
393 233 52 21 Arr.
463 237 25 19 «-
501 233 58 24 Quai
574 239 47 15 aux
640 233 87 20 Fleurs.

226 332 31 21 M.
271 332 296 22 J.-B.-A.-CHAUVEAU.

356 453 246 27 COETLOGON
617 453 79 33 (rue)

199 504 41 22 VI'
251 505 51 21 Arr.
314 509 24 18 <-
348 504 49 22 Rue
409 505 27 21 de
447 504 102 26 Rennes,
562 504 32 21 9i
609 508 24 18 ->
648 503 50 21 Rue
713 502 106 26 d'Assas,
834 502 20 20 5.

356 544 107 21 Paroisse
502 542 188 29 Saint-Sulpiee.

186 627 12 20 6
227 626 29 20 M.
268 625 84 22 Pascal
367 626 160 21 CECCALDI.

187 666 10 20 7
224 664 51 22 M-
283 664 140 22 JOUBERT
434 669 31 17 DE
476 664 38 21 LA
525 664 113 21 MOTTE.

187 704 12 20 9
225 703 30 21 M.
268 702 70 22 Henri
350 702 195 22 HARPIGNIES.

368 825 171 34 COLISÉE
554 831 66 35 (rue
635 831 53 35 du)

176 896 61 22 VIII"
247 897 51 20 Arr.
310 895 89 28 (Faub.
414 895 36 21 du
459 896 95 26 Roule).
566 900 24 18 «-
600 896 97 20 Avenue
711 895 42 21 des
768 894 115 28 Champs-

237 925 107 32 Elysées,
353 931 70 20 48-50.
438 934 25 18 -+
476 930 70 21 Faub.
563 929 178 27 Saint-Honoré,
750 929 67 21 97-99.

290 965 104 20 Paroisse
428 964 338 28 SaintrPhilippe-du-Houle.

187 1047 12 20 2
225 1046 41 21 M*»
275 1046 100 23 Vincent
386 1052 30 15 DE
427 1045 216 23 MONTEFORTE.

174 1086 24 21 15
226 1083 66 23 C'
301 1091 32 15 DE
343 1078 297 28 LÉAUTAUD-DONINE.
768 1084 113 27 [Samedi]

226 1120 36 21 C"
276 1123 23 17 et
313 1119 64 21 O"»
392 1119 79 22 Albert
485 1124 31 16 DE
530 1112 300 28 LÉAUTAUD-DONINE.

174 1159 24 21 16
225 1158 38 22 C"
277 1158 79 21 Pierre
371 1163 32 15 DE
418 1157 209 22 COURCELLES.

173 1198 24 20 17
226 1197 36 21 O
271 1200 22 17 et
302 1196 66 21 Cl"">
376 1196 56 21 Max
448 1202 31 15 DE
493 1195 120 21 MAREUIL
661 1195 105 26 Courey.

174 1236 25 21 36
226 1235 29 21 M.
268 1235 29 21 du
313 1235 106 21 HAMEL
432 1241 31 15 DE
480 1234 133 21 CANCHY.

226 1269 40 22 V"
275 1268 90 22 Gaëtan
375 1275 33 14 DE
422 1267 192 22 KERGUEZEC.

224 1303 51 21 M»«
287 1303 44 21 Ad.
342 1310 31 14 DE
384 1303 40 21 LA
434 1301 141 22 BROUSSE
588 1308 30 14 DE
630 1301 219 22 BEAUREGARD.

224 1338 33 21 M.
278 1339 24 20 et
320 1337 49 21 M-
391 1337 71 21 Henri
475 1342 33 16 DE
522 1331 316 27 LECLUSE-TREVOÈDAL

250 1371 38 21 La
297 1372 109 21 Brousse
415 1371 29 21 de
458 1369 171 28 Beauregard.
746 1369 135 28 [Mercredi]

225 1405 50 22 Mmé
285 1406 71 21 Louis
371 1399 34 28 DE
422 1399 153 28 VÉDRINES:
597 1404 38 21 La
645 1405 108 20 Brousse
762 1404 29 21 de
801 1404 82 21 Beau-

250 1440 101 27 regard.
746 1438 134 27 [Mercredi]

176 1479 25 22 38
231 1479 67 21 O1"
321 1485 32 15 DE
376 1479 195 22 FROIDEFOND
588 1477 45 23 des
648 1477 105 23 FARGF.S
799 1477 84 21 Reeer-

252 1519 88 16 seaux.

225 1556 37 21 Ct.
281 1558 23 18 et
321 1556 66 21 C'«
397 1562 32 14 nE
451 1556 195 22 FROIOEFQNU
669 1561 45 15 des
743 1555 103 21 FARGES

250 1591 117 21 Htllerin.-

224 1625 202 27 Vi.etV'–«Guy
441 1632 31 14 DE
483 1625 195 22 FROIDEKOND
687 1630 46 16 DES
739 1624 135 22 FARGES:

254 1660 104 27 Terbeeq

174 1698 25 20 39
226 1698 38 21 C»
273 1701 22 18 et
309 1698 64 21 C'«"
384 1698 67 21 Alain
467 1704 32 15 DU
513 1692 114 27 PÉRIER
636 1704 32 14 DE
679 1697 103 21 LARSAN
834 1697 48 21 Su-

252 1732 117 21 bervielle.

227 1766 36 21 C
278 1766 213 21 SUBERVIELLE

226 1799 30 21 M.
273 1799 72 21 Louis
359 1799 221 21 SUBERVIELLE.

174 1835 26 21 43
226 1834 30 21 M.
272 1836 22 18 et
308 1832 50 22 M»"
372 1833 26 21 A.
415 1827 120 27 HF.HIHR.

255 1968 373 26 COLONEL-COMBES
656 1967 68 33 (rue
750 1967 54 33 du)

176 2020 51 21 VIIe
241 2019 52 21 Arr.
316 2018 220 27 {Palais-Bourbon)
585 2022 24 19 «-
627 2018 51 21 Rue
691 2017 157 27 Jean-Nicot,
860 2018 20 20 6.

423 2052 37 23 ->̃
472 2052 37 23 Rue
526 2051 81 26 Malar,
620 2052 19 20 3.

188 2135 12 21 6
227 2134 35 22 O
273 2137 21 18 et
304 2133 163 22 O""Gérard
477 2139 32 15 DE
517 2132 218 22 ROUAN-CHABOT
783 2132 99 28 Aubry-

254 2168 71 21 Vitet.

189 2207 13 20 8
227 2207 40 20 V««
284 2209 22 19 et
320 2206 59 21 V»"
393 2206 104 21 neniard
512 2212 30 14 DE
557 2206 155 21 JOUSSEI.IN
760 2206 120 27 Amydro.

1089 181 252 27 COMMAILLE
1355 180 67 34 (rue
1437 178 50 35 de)

936 244 46 22 VII»
993 244 46 22 Arr.
1051 244 225 28 (Saint-Thomas-cC
1290 244 126 28 Aquin).<-
1428 243 50 21 Rue
1488 243 33 21 La
1530 242 110 26 Planche,

1142 285 20 20 8.
1176 287 24 20 ->
1216 284 49 20 Rue
1277 283 29 21 du
1316 283 57 27 Bac,
1383 283 44 21 103.

1054 322 105 22 Paroisse
1200 321 232 27 Saint-Thomas-d'A
1446 321 72 27 quin.

945 404 13 20 2
983 404 38 21 P"
1040 408 22 17 et
1080 405 67 20 P«–
1162 411 31 14 DE
1207 404 105 22 BEARN
1328 409 29 15 et
1373 409 31 15 DE
1419 401 116 23 CHALAIS
1590 401 51 21 Wi-

1009 445 75 15 nans.

984 472 175 21 Mademoiselle
1175 478 30 15 de
1216 465 112 28 BÉARN.

984 507 37 21 V"
1036 507 71 21 Henri
1122 513 32 15 DE
1168 501 114 27 BÉARN.

985 542 37 21 Cu
1037 542 104 20 Bernard
1156 548 32 14 DE
1198 534 112 28 BÉARN.

985 576 37 21 C"
1037 576 112 25 François
1165 582 30 15 DE
1210 569 112 27 BÉARN.

984 610 37 21 C"
1036 610 66 21 Odon
1118 616 31 15 DE
1166 605 111 26 BÉARN.

985 645 37 22 C«»
1037 645 79 21 Pierre
1133 650 32 16 nE
1179 638 114 28 BÉARN.

985 680 36 21 C«"
1033 682 23 18 et
1065 679 66 22 C'
1147 680 58 21 Jean
1221 685 31 15 de
1266 671 86 29 BÉARN
1410 676 100 28 Valéry.

945 715 13 20 4
985 713 31 21 M.
1026 717 23 18 et
1062 713 51 21 M«~
1127 713 27 21 H.
1166 720 32 14 DE
1208 711 128 23 CAMPEAU
1388 711 125 21 Brimont.

983 748 32 20 M.
1029 750 23 18 et
1064 748 45 20 M»"
1124 748 75 20 Louis
1223 745 305 23 FUNCK-BRENTANO:
1549 745 93 26 Chape-

1009 793 54 14 ron.
1549 782 91 27 [Mardi|

986 821 38 21 Vu
1038 823 23 19 et
1074 821 69 21 V"
1164 821 78 21 Pierre
1263 826 31 15 DE
1308 819 103 21 TERNAS
1471 818 124 26 Fresnoye
1612 816 30 21 de

1009 855 78 22 Fiers.
1558 850 85 28 [Jeudi]

936 953 295 30 COMMANDANT
1260 953 236 30 MARCHAND
1509 952 68 33 (rue
1586 950 56 35 du)

1086 1015 63 21 XVIe
1163 1015 52 21 Arr.
1226 1018 25 19 +-
1259 1014 97 21 Avenue
1365 1012 123 22 Malakoff.

1054 1054 114 21 Paroisse
1205 1051 211 26 Saint-llonoré-d'
1429 1051 92 26 Er/lau.

1083 1100 20 16 «
1186 1100 200 5 –––––––––

947 1142 13 20 9
985 1141 31 20 M.
1031 1142 22 19 et
1066 1140 51 21 M™
1128 1140 87 20 Marcel
1229 1132 66 27 AUGÉ
1340 1138 33 20 Le
1382 1138 118 20 Lasseur.

986 1175 37 20 P«
1038 1173 137 22 Emmanuel
1189 1172 138 22 BIBESCO.

986 1209 37 20 P"
1038 1208 100 21 Antoine
1152 1207 137 21 BIBESCO.

984 1242 32 21 M.
1027 1245 23 18 et
1065 1241 51 21 M««
1125 1241 56 21 Max
1192 1248 30 14 nE
1234 1240 93 22 SILLAC
1370 1240 108 28 Dussaq.

935 1278 25 20 22
985 1278 60 21 D»"«
1055 1282 31 16 DE
1100 1275 121 22 BELLUNE
1273 1275 118 27 d'Espiès.
1528 1272 113 27 [Samedi]

969 1388 491 37 COMMANDANT-RIVIÈRE
1474 1395 69 33 (rue
1557 1392 54 34 du)

978 1465 54 22 VIH»
1045 1465 54 22 Arr.
1115 1463 238 28 (Faub.-dw-Roule).
1363 1463 33 23 ̃<-
1407 1463 33 23 Av.
1454 1461 99 25 d'Antin,
1563 1460 32 21 il.

1164 1508 25 17 ->
1198 1503 52 21 Rue
1260 1502 12 26 d
1284 1502 84 26 Artois,
1380 1502 30 20 11
1393 1502 17 20 2.

1035 1543 108 21 Paroisse
1179 1539 341 30 Saint-Philippe-du-Roule.

946 1635 12 20 4
984 1635 37 20 C'«
1032 1637 22 18 et
1068 1635 66 21 G""»
1149 1640 31 15 DE
1196 1633 136 22 LANTIYY
1348 1637 30 16 DE
1393 1623 122 29 TRÉDION
1566 1628 77 22 Rien-

1009 1671 80 19 court.

984 1703 52 21 M'"
1045 1709 32 15 DE
1086 1694 386 30 VAREILLES-SOMMYÈRES.

1065 1817 222 28 CONCORDE
1302 1815 100 36 (place
1418 1813 39 28 de
1472 1814 41 33 la)

937 1877 61 21 VIII'
1007 1878 52 20 Arr.
1071 1875 164 28 (Madeleine).
1244 1880 26 18 -y
1279 1874 123 27 Comprise
1412 1876 64 18 entre
1487 1873 23 21 la
1519 1878 41 15 rue
1570 1872 72 23 Saint-

1061 1911 115 20 Florentin
1186 1913 22 18 et
1218 1910 21 21 la
1249 1915 41 15 rue
1302 1908 215 26 Boissy-d'Anglas.

1095 1944 107 22 Paroisse
1238 1941 243 24 Sainte-Madeleine.

947 2037 12 20 4
985 2035 40 21 M'1
1037 2041 31 15 DE
1079 2033 143 22 CHAUANS
1235 2034 93 26 (p.-à-t.).

985 2069 36 21 Ct.
1032 2071 22 18 et
1064 2069 65 20 C«"~
1139 2068 183 21 GUROWSKY
1334 2074 30 15 un
1375 2063 157 25 WECZÈLE.

985 2103 40 20 M"
1036 2108 31 16 DE
1078 2103 39 21 LA
1131 2102 326 23 ROCHF.FONTKNILLES.

985 2137 37 21 C"
1033 2140 22 18 et
1064 2136 66 22 C'
1145 2136 64 22 René
1220 2144 31 14 diî
1263 2137 142 22 SONGEONS
1454 2135 120 27 Fouquet.

945 2172 13 21 8
984 2171 51 20 M~
1044 2170 147 22 DEMONTS
1201 2177 32 15 DE
1242 2164 150 29 MONTÉGUT
1441 2169 114 21 Barada.

986 2206 98 20 M.Jean
1096 2205 187 22 UEMONTSde
1295 2198 179 28 MONTÉGUT.
