1749 2481
769 86 309 31 PARIS-MONDAIN

529 196 437 26 TK-^ITIEldCrEïTT
1010 196 295 26 COMPLET

286 245 157 26 Alcoolisme.
463 260 29 3 –
506 245 168 31 Dipsomanie.
694 260 30 2 –
740 245 218 30 IHorphinomanie.
977 260 30 2 –
1021 245 178 26 Intoxications
1214 246 115 25 dioerses
1344 246 28 24 et
1384 244 179 27 Neurasthénie

549 303 221 40 Villa
814 303 132 40 «LA
990 303 309 40 SOURCE"

733 383 50 24 «
798 382 18 20 •
834 382 90 20 HEURE
940 382 48 19 DE
1003 382 112 20 FABIS

340 433 94 41 Maison
455 433 63 41 d'an
537 435 127 39 caractère
682 436 134 50 purement
829 433 71 53 privé
913 444 33 30 ne
960 434 136 51 rappelant
1114 445 31 29 en
1166 432 56 42 rien
1237 432 25 41 la
1277 434 97 39 maison
1394 433 31 40 de
1445 434 71 40 santé

676 498 93 21 Nombre
783 498 46 21 très
842 498 106 21 restreint
960 499 28 20 de
1002 498 169 22 Pensionnaires

559 538 61 21 VIE
635 538 47 21 DE
699 538 167 25 FAMILLE,
883 537 121 22 GRAND
1020 538 257 21 CONFORTABLE

234 579 157 25 TRAITEMENT
410 574 163 34 MÉTHODIQUE
591 576 116 29 SPÉCIAL.
731 578 194 32 Hydrothérapie.
944 578 210 31 Electrothérapie.
1178 580 116 30 Massage.
1311 579 169 32 Gymnastique
1500 578 115 27 médicale

339 623 121 25 Exercices
475 621 166 33 hygiéniques.
662 624 58 25 Jeux
740 624 28 24 de
783 623 62 30 plein
860 623 46 26 air.
928 622 89 27 Tennis.
1035 624 58 24 Cure
1112 622 62 26 d'air
1188 627 61 25 pour
1263 624 34 25 les
1313 625 189 24 convalescents.

386 669 33 23 La
433 668 103 24 maison
549 675 33 18 ne
598 669 86 30 reçoit
698 668 28 24 ni
741 668 161 32 alcooliques
913 668 140 29 délirants,
1070 668 28 24 ni
1110 668 109 30 aliénés,
1235 668 29 24 ni
1279 669 168 30 contagieux.

246 713 46 22 Pour
308 712 40 30 phi!
359 713 68 30 amples
443 713 163 30 renseignements,
622 713 101 22 s'adresser
736 715 11 20 à
761 713 19 22 la
796 712 50 23 Villa
861 722 14 11 a
891 712 27 22 LA
933 712 34 23 SOI
978 712 34 23 RCE
1025 722 11 11 »
1051 712 35 28 20,
1101 714 73 20 Avenue
1183 712 31 23 des
1226 713 51 28 Art»,
1292 713 21 22 Le
1332 713 45 22 Pare
1391 713 116 22 Saint-Maur
1521 713 67 30 (Seine)

730 755 79 25 Table
825 756 31 25 35
871 757 19 28 –
909 757 175 28 Téléphone
1099 757 42 24 79

615 799 37 24 On
670 798 87 32 reçoit
770 800 62 23 tous
849 798 39 25 les
904 798 80 31 jours
994 798 32 26 de
1042 799 14 25 2
1070 800 14 23 à
1098 798 15 26 6
1123 799 109 25 heures.

528 841 154 25 Directrice
699 842 55 23 M"
773 843 136 23 Legrain.
926 843 17 23 –
962 841 143 25 Directeur
1121 843 41 22 M.
1174 843 39 23 M.
1231 843 102 23 Peter.

379 966 262 59 SERVICE
678 966 115 58 DES
831 965 235 59 CARTES
1104 966 80 57 DE
1221 966 243 58 VISITES

321 1057 31 24 et
370 1054 39 27 de
427 1052 121 28 l'envoi
568 1052 56 27 des
643 1051 114 28 lettres
778 1052 39 27 de
836 1053 81 26 faire
935 1054 81 34 part,
1036 1053 154 34 Mariage,
1211 1051 186 34 Naissance,
1421 1051 103 28 Décès

216 1130 11 28 II
709 1119 46 39 II
778 1119 184 39 ORGANISÉ
1005 1126 94 32 PAR
1144 1125 479 33 L'ADMINISTRATION

367 1159 159 31 TARIF

241 1251 28 20 de
283 1253 8 18 1
309 1253 12 19 à
335 1251 38 20 100
387 1251 92 20 visites
565 1251 36 21 20
615 1250 32 20 tr.
1144 1236 39 22 DU

241 1277 28 21 de
284 1278 9 20 1
310 1277 21 21 a.
341 1277 31 21 200
387 1278 19 20 le
420 1280 112 17 cent.
565 1277 37 21 19-

241 1303 26 21 de
280 1303 13 21 1
306 1303 13 21 à
332 1303 39 21 300
423 1302 110 21 ifl.
565 1303 37 21 18-

240 1328 133 48 £îi£?
399 1328 79 48 iâ:
564 1330 75 46 Je7-
827 1334 673 58 PARIS-MONDAIN

240 1356 29 20 de
283 1357 9 19 1
309 1356 12 19 à
334 1355 38 21 500
422 1354 110 22 td.
564 1355 36 21 16

241 1382 28 20 de
284 1382 36 21 501
336 1384 22 17 et
370 1381 121 20 au-dessus
564 1382 37 20 15
874 1377 52 14 •*»̃
936 1372 123 20 *̃»*
1099 1372 395 20 »HV/11L/riUX

280 1478 67 22 ENVOI
360 1478 27 22 DE
400 1478 94 22 LETTRES
507 1478 27 22 DE
547 1478 54 22 PART
746 1486 18 45 «
782 1486 37 45 2,
848 1487 81 37 rue
956 1487 54 37 de
1037 1488 224 37 Bassano
1282 1487 307 51 (Champs-Elysées)

241 1515 67 27 °.z
341 1515 22 27 fi
374 1515 79 27 Frar.cs
464 1515 33 27 par
508 1515 45 27 1!wJ
564 1515 79 27 lettraQ
810 1496 123 35 ,rue
987 1496 24 27 e
1078 1497 183 28 assano
1343 1497 103 40 amps-
1476 1490 113 48 Iysées)

242 1605 166 23 Confection
427 1606 34 21 de
475 1606 174 22 Manuscrits
1090 1598 136 38 "V^^C"

324 1648 57 19 PRIX
398 1648 14 19 A
427 1648 139 19 CONVENIR

351 1712 54 30 La
421 1711 259 33 distribution
703 1714 70 29 des
795 1713 132 29 cartes
951 1713 47 28 de
1021 1712 143 29 visites
1191 1712 22 29 à
1235 1712 184 29 domicile
1441 1714 44 27 est
1502 1712 122 29 virtuel-

217 1753 112 29 lement
350 1752 100 28 entrée
474 1750 203 38 aujourd'hui
700 1752 78 28 dans
800 1752 25 27 te
847 1751 145 28 domaine
1016 1751 36 28 de
1076 1751 27 27 la
1122 1752 170 36 pratique;
1314 1752 105 27 mais
1441 1752 73 28 elle
1537 1751 86 29 n'en

217 1794 190 28 demeure
427 1798 72 29 pas
521 1791 131 31 moins
676 1790 301 31 confidentielle.

353 1839 54 29 La
423 1838 217 31 discrétion
655 1841 39 28 la
709 1839 91 36 plus
821 1838 162 29 absolue
1003 1845 57 30 que
1078 1845 77 19 nous
1174 1845 78 20 nous
1271 1845 134 19 sommes
1430 1837 136 38 imposée
1586 1837 38 38 (et

218 1879 54 38 qui
285 1879 149 29 constitue
454 1880 86 26 notre
561 1879 84 36 force
658 1879 79 29 dans
757 1885 61 21 une
838 1876 132 29 mission
985 1875 84 30 aussi
1091 1875 135 37 délicate)
1247 1884 38 20 ne
1303 1884 78 21 nous
1400 1879 119 35 permet
1535 1878 89 36 point

218 1917 38 30 de
269 1918 74 29 citer
358 1916 39 29 les
421 1917 179 30 Grandes
622 1917 188 30 Familles
835 1917 47 28 de
901 1916 38 28 la
960 1915 130 29 Haute
1111 1915 166 36 Société,
1299 1916 28 27 et
1347 1914 69 29 elles
1439 1916 69 28 sont
1530 1925 91 20 nom-

220 1958 130 33 breuses,
374 1956 53 38 qui
441 1963 76 21 nous
532 1957 187 37 témoignent
736 1956 65 29 leur
814 1954 156 38 confiance
985 1954 107 38 depuis
1109 1954 69 38 plus
1194 1954 37 29 de
1245 1954 84 37 vingt
1350 1962 46 27 ans
1441 1955 81 29 mais
1545 1964 78 22 nous

216 2004 140 31 pouvons
374 1993 141 40 affirmer
535 2003 58 30 que
614 1995 29 28 la
661 1994 257 39 préparation
939 1994 39 28 et
995 1993 36 30 le
1047 1993 119 37 dépôt
1180 1994 71 28 des
1271 1994 132 28 cartes
1419 1996 92 28 sont
1530 1994 93 33 faits

220 2036 262 30 directement
497 2041 75 29 par
592 2041 74 23 nos
680 2035 111 29 soins
806 2035 39 28 et
860 2040 94 23 sous
968 2035 112 28 notre
1096 2033 110 29 seule
1222 2034 317 35 responsabilité.

355 2082 75 29 Tout
450 2090 38 20 en
508 2080 117 39 offrant
645 2081 186 30 l'illusion
854 2080 193 38 complète
1064 2081 47 29 de
1126 2081 38 27 la
1180 2080 202 36 sincérité,
1403 2084 86 27 notre
1509 2084 113 28 service

218 2120 109 39 rapide
340 2122 28 27 et
389 2120 222 39 parfaitement
628 2121 144 37 organisé
790 2121 128 37 permet
939 2128 65 20 aux
1024 2127 166 31 personnes
1209 2119 55 38 qui
1282 2129 38 20 en
1336 2120 155 39 profitent,
1516 2120 107 32 d'an-

218 2168 148 22 noncer
394 2160 65 30 leur
485 2167 172 30 passage
685 2168 41 19 ou
755 2159 63 29 leur
837 2159 159 30 rentrée
1022 2160 19 27 à
1070 2157 95 30 Paris
1194 2157 79 30 dans
1299 2169 42 19 un
1369 2160 67 38 laps
1462 2161 38 29 de
1524 2164 98 36 temps

217 2198 208 30 relativement
445 2199 87 29 court
552 2197 33 40 (5
600 2199 18 27 à
633 2198 18 28 6
660 2197 93 39 jours
768 2208 41 19 au
821 2197 94 40 plus).
