1749 2481
1167 85 150 32 CANNES

396 89 149 32 CANNES

676 88 361 32 ALPES-MARITIMES

476 198 127 34 LISTE
630 190 352 48 ALPHABÉTIQUE
1014 197 82 35 DES
1127 196 122 35 NOMS

706 308 136 26 CANNES
861 308 47 29 (S!
925 305 38 31 ïî=
978 306 51 29 ëB)

116 363 127 28 Acloque
259 362 129 31 (Maurice),
403 362 70 32 villa
487 362 141 32 Monténégro
644 362 34 31 [3ï
695 363 63 30 590].

117 405 122 26 Agarrat
254 402 114 30 (Ernest),
384 402 97 29 Avocat,
499 404 23 27 3,
538 410 43 16 rue
595 403 83 23 Bossu.

116 444 116 26 Albany
249 442 31 29 (S.
297 442 29 24 A.
343 442 25 22 R.
387 442 23 23 la
424 442 75 30 D"~),
515 441 59 24 villa
587 441 103 25 Neveda.

117 482 103 21 Alexis
237 480 38 30 (S.
287 480 25 30 A.
332 480 16 23 I.
365 480 22 23 le
401 480 162 31 Grand-duc).

117 523 150 26 Allbusen,
286 520 58 23 villa
358 520 147 29 Isola-Bella,
522 520 94 23 chemin
632 520 26 24 de
671 520 131 24 Vallauris.

117 561 104 22 Allieis
238 558 168 30 (Emmanuel),
419 560 38 27 59,
472 566 43 16 rue
530 558 133 25 d'Antibes.

117 600 132 22 Ambaud
265 598 38 31 (M.
319 602 24 19 et
357 598 67 31 M""),
448 599 59 22 villa
527 598 46 24 Les
591 599 75 28 Lilas,
690 599 92 24 chemin
805 598 29 24 de

146 633 115 24 Mondial.

118 674 151 22 Anderson
288 672 84 31 (Major
386 677 23 19 et
422 672 68 31 Mm"),
504 672 60 24 villa
578 673 42 23 des
635 672 125 32 Orangers.

118 714 197 25 Annebicque,
325 712 58 23 villa
390 712 45 24 Les
445 712 104 30 Bleuets,
559 712 94 24 chemin
664 712 168 24 d'Isola-Bella.

118 752 131 22 Antelme
268 751 76 30 (Mm»),
363 751 58 24 villa
437 752 110 28 l'Alsace,
567 752 131 24 boulevard
713 752 119 23 d'Alsace.

118 792 151 28 Ardisson,
285 789 109 32 quartier
408 791 41 23 des
464 791 122 23 Thermes.

119 832 127 25 Arjuzon
261 830 45 30 (C"
321 834 24 18 et
359 829 63 24 O™
436 830 32 30 d')
484 830 52 31 [née
551 830 214 32 Waddington],
779 830 58 24 villa

150 864 161 31 Saint-Remy,
327 868 68 20 route
411 864 29 29 de
455 865 94 30 Fréjus.

120 906 88 20 Arluc
222 903 163 31 (Alexandre),
400 905 142 29 Ingénieur,
553 906 23 27 8,
591 904 56 32 quai
663 904 169 25 Saint-Pierre.

120 944 129 22 Arnould
265 943 56 30 (M–
335 944 83 30 Léon),
435 946 51 26 108,
502 951 43 17 rue
559 945 133 23 d'Antibes.

120 983 130 22 Arnould
265 982 38 30 (M.
319 986 24 19 et
357 982 48 23 M»«
419 983 60 30 Pol),
496 983 58 24 villa
568 983 119 25 Caroline.

120 1023 94 27 Arrès,
230 1023 38 27 42,
283 1029 43 16 rue
340 1022 29 23 de
384 1022 90 32 Fréjus.

121 1062 117 28 Arthur,
256 1061 58 23 villa
328 1061 159 29 Linascriéve,
507 1061 96 25 chemin
617 1061 29 25 de
661 1062 23 25 la
698 1062 137 25 Californie.

120 1103 100 19 Attout
233 1101 34 21 de
282 1103 116 27 Labare,
414 1101 58 23 villa
485 1101 45 23 Les
544 1102 146 30 Aubépines,
705 1101 87 24 chemin
806 1101 29 24 du

150 1135 135 24 Petit-Juas.

121 1176 107 21 Aubert
242 1173 38 30 (M.
296 1178 24 20 et
333 1174 49 24 M"»
396 1175 77 31 Paul),
498 1175 58 24 villa
580 1175 114 30 l'Alsace,
707 1176 130 24 boulevard

150 1209 117 24 d'Alsace.

122 1250 145 28 Audibert,
284 1249 59 23 villa
356 1249 172 32 Mon-Caprice,
547 1251 68 30 place
630 1250 29 24 de
673 1251 164 24 Chàteaudun.

121 1289 100 27 Audry
238 1287 56 29 (M™a
309 1288 45 31 S.),
369 1288 58 24 villa
442 1289 139 30 Francesca,
596 1289 93 24 chemin
699 1290 32 23 du
747 1290 91 24 Prince-

151 1322 137 25 de-Galles.

122 1364 129 21 Aulnoix
269 1363 37 30 (M.
324 1366 23 20 et
359 1362 50 23 M»»
423 1364 61 29 des),
500 1363 117 30 Splendid
632 1364 78 23 Hôtel.

124 1403 66 21 Aux
206 1401 72 29 (C'
293 1401 41 31 d'),
351 1401 58 24 villa
423 1402 42 23 des
480 1402 53 28 Iris,
550 1407 69 19 route
631 1403 131 23 d'Autibes.

122 1472 135 22 Baillière
279 1471 39 31 (M.
331 1471 78 31 Paul),
427 1472 26 23 0.
473 1472 18 22 I.
505 1471 34 32 fj>
550 1471 34 32 [et
614 1472 48 23 M"«
688 1475 43 21 née
747 1475 93 22 Lefau-

152 1509 114 30 cheux|,
281 1510 59 23 villa
355 1509 246 31 Sainte-Marguerite,
617 1515 71 19 route
702 1511 30 23 de
747 1511 90 31 Fréjus.

123 1551 192 27 Dapterosses,
331 1549 57 23 villa
403 1550 32 23 du
450 1549 56 31 Lys,
527 1550 95 23 chemin
638 1550 28 23 de
681 1552 23 22 la
718 1551 119 31 Peyriére.

121 1590 56 21 Bar
192 1587 71 29 (Cl""e
277 1588 49 29 de),
341 1587 58 23 villa
414 1588 256 24 Ferdinand-Moreau.

122 1630 55 20 Bar
193 1626 73 30 (V'
280 1627 49 30 de),
343 1626 59 23 villa
416 1627 144 29 Monticello,
577 1632 68 19 route
659 1628 30 24 de
702 1628 92 32 Fréjus.

123 1669 91 20 Barbe
232 1665 56 32 (0.),
303 1666 58 23 villa
376 1666 143 29 Bell'-Aria,
534 1671 71 20 route
618 1667 29 23 de
662 1666 95 26 Grasse.

123 1707 131 26 Barclay,
273 1705 57 23 villa
349 1704 133 30 Mauvarre,
501 1706 95 23 chemin
615 1706 31 23 du
668 1707 170 25 Mont-Fleuri.

121 1747 122 26 Barclay
253 1745 119 30 (Arthur),
383 1746 58 22 villa
450 1745 66 28 Urie,
525 1746 94 23 chemin
630 1746 31 23 du
676 1747 163 24 Mont-Fleuri.

122 1783 86 24 Bardi
230 1783 73 28 ((>•"
331 1783 48 30 de),
398 1783 59 25 villa
479 1783 74 25 Henri
567 1784 40 29 IV,
626 1784 131 26 boulevard
775 1786 29 24 de
819 1788 22 23 la

153 1818 124 23 Croisette.

122 1859 111 22 Barlier
249 1858 58 29 (Mm.
321 1857 48 31 de),
386 1857 68 25 Hôtel
469 1859 109 24 Paradis.

123 1898 159 27 Battersby,
298 1898 38 27 24,
351 1896 131 25 boulevard
497 1897 97 25 Carnot.

123 1938 95 21 Baude
236 1935 90 31 (Bonn"),
341 1936 58 22 villa
414 1936 196 32 Saint-Georges,
626 1940 14 20 à
654 1937 125 25 Croizette.

122 1978 96 21 Baude
229 1975 128 31 (B™"G.),
368 1975 58 24 villa
435 1975 198 31 Saint-Georges,
643 1979 15 20 à
667 1978 127 24 Croizette.

123 2016 182 27 Beauchamp
326 2014 44 30 (C'«
387 2013 38 32 de)
451 2014 33 31 [et
507 2014 54 23 C""
589 2017 43 21 née
656 2017 108 31 Vitali],
784 2017 57 24 villa

152 2052 145 24 Fioreiitina.

122 2094 107 22 Bellier
244 2092 56 30 (D'),
316 2094 20 26 1,
354 2099 42 17 rue
411 2092 137 25 Cronstadt.

122 2134 102 21 Bellon
243 2131 75 31 (M**),
333 2131 59 23 villa
405 2133 108 30 Antony,
528 2137 71 19 route
612 2132 134 26 d'Antibes.

122 2172 307 27 Benjamin-Constant
444 2171 75 31 (Mm<).

123 2213 75 19 Benz
216 2209 73 30 (M11"),
303 2209 58 23 villa
375 2209 30 24 de
419 2211 26 22 la
456 2210 73 29 Tour,
545 2215 69 19 route
628 2211 29 23 de
671 2212 90 32 Fréjus.

122 2249 143 24 Béraneer
282 2248 134 29 (Général),
432 2250 58 23 villa
504 2250 127 32 Béranger.

888 363 144 28 Bérenger
1043 362 117 30 (Joseph),
1175 362 22 27 2,
1213 368 42 16 rue
1271 360 113 23 Bivouac.

888 404 102 21 Bernis
1013 401 72 30 (O"°
1108 401 81 23 Pierre
1213 399 37 31 de)
1276 401 42 21 née
1340 397 265 26 Thomas-Galline,

918 436 56 24 villa
992 436 137 28 Germaine,
1144 439 70 20 route
1228 435 29 23 de
1273 434 97 24 Grasse.

887 479 108 20 Besson
1012 475 39 29 (11.
1066 479 24 19 et
1099 475 68 30 M™),
1183 473 58 25 villa
1254 474 45 23 Les
1314 473 107 29 Saphirs,
1443 477 43 17 rue
1499 471 106 23 Molière.

888 517 123 21 Beunier
1027 515 133 29 (Antoine),
1172 515 38 27 50,
1225 521 44 15 rue
1282 513 29 23 de
1325 512 91 31 Fréjus.

888 557 99 21 Bevan
1004 554 55 30 (F.),
1075 554 58 23 villa
1146 553 147 28 Monte-Leo,
1315 552 94 23 chemin
1432 550 30 24 de
1485 550 23 23 la
1529 549 76 24 Cava-

918 589 152 31 Beauséjour.

888 630 152 21 Bichmore
1055 627 77 31 iM""),
1160 627 59 23 villa
1245 626 131 30 Mariposa,
1404 623 95 25 chemin
1526 623 28 23 de
1583 623 24 22 la

918 663 138 24 Californie.

888 705 90 21 Blanc
993 702 38 30 (M.
1043 705 25 20 et
1077 701 48 23 M»«
1137 700 122 31 Casimir),
1270 700 58 24 villa
1336 699 82 28 Blanc,
1429 700 38 26 31,
1477 696 131 26 boulevard

916 737 168 31 Victor-Hugo.

888 777 159 24 Blanchard
1062 777 39 26 (Dr
1120 776 127 31 Raphaël)
1262 776 15 31 #
1292 775 33 31 [et
1338 774 49 23 M-»
1400 775 43 22 née
1463 772 144 31 Chancel],

925 814 29 27 {&
972 811 157 25 Saint-Léon.

890 854 225 26 Blanc-Lacour,
1138 850 58 23 villa
1222 849 72 29 Zélie,
1309 852 69 20 route
1405 848 30 23 de
1462 847 94 29 Grasse,
1585 846 24 23 la

919 886 100 23 Colline.

889 927 123 21 Blondel
1036 924 57 30 (M»>
1112 923 92 30 Louis),
1229 923 58 24 villa
1309 922 130 28 Honorine,
1463 921 93 24 chemin
1579 920 30 24 de

917 960 37 31 Nal
966 960 99 31 lergues.

889 1002 183 26 Bobrinskoy
1087 999 92 31 (C"),
1195 997 58 25 villa
1268 996 190 32 Saint-Georges,
1473 996 94 23 chemin
1581 995 29 24 de

920 1034 23 24 la
958 1033 139 26 Californie.

890 1077 85 20 Berol
991 1075 58 28 (A.),
1063 1073 59 23 villa
1135 1071 280 29 Lou-Miradou,avenue
1430 1071 41 23 des
1486 1069 90 25 Golfes.

890 1116 111 21 Bonnet
1012 1114 33 22 de
1055 1114 29 22 la
1093 1113 245 27 Roche-d'Espeil,
1352 1113 23 26 9,
1391 1117 86 24 square
1492 1109 117 24 Mérimée.

890 1155 86 21 Borel
994 1151 111 31 (Alfred),
1120 1152 149 27 Architecte,
1284 1152 37 26 34,
1337 1157 42 16 rue
1394 1149 132 24 d'Antibes.

890 1194 249 27 Bornègue-Japy,
1165 1190 59 23 villa
1238 1190 172 31 Beau-Verger,
1433 1188 130 23 boulevard
1579 1187 29 23 de

921 1227 23 23 la
958 1226 118 25 Favorite.

891 1269 118 21 Borniol
1018 1266 57 30 (de),
1084 1266 59 23 villa
1157 1264 191 31 les'Vallergues,
1360 1271 41 15 rue
1410 1263 41 23 des
1464 1262 144 31 Vallergues.

891 1309 53 20 Bot
959 1307 45 29 (G"
1018 1306 48 30 de),
1082 1305 57 24 villa
1153 1305 44 23 Les
1212 1303 160 29 Mandarines,
1386 1302 94 24 chemin
1495 1302 41 23 des
1550 1301 59 23 Val-

922 1341 101 30 lergues.

892 1383 123 20 Boucart
1030 1380 57 30 (D'),
1103 1379 59 23 villa
1176 1378 165 30 Saint-Remy,
1364 1378 39 27 63,
1418 1384 44 15 rue
1475 1375 29 24 de
1518 1376 92 30 Fréjus.

891 1421 129 22 Bouchet
1038 1418 76 31 (M"*),
1130 1418 59 23 villa
1203 1416 218 25 Marie-Christine.

892 1461 110 26 Boucly
1018 1457 38 30 (M.
1073 1462 23 19 et
1110 1457 68 29 M""),
1193 1456 60 23 villa
1267 1456 98 29 Boucly,
1386 1458 69 19 route
1469 1453 30 24 de
1512 1453 94 24 Grasse.

892 1499 100 22 Bouffé
1007 1498 58 28 (H.),
1081 1497 57 23 villa
1153 1496 130 28 Ludovica,
1299 1495 94 23 chemin
1408 1494 30 23 de
1452 1493 111 23 Rénéfiat.

893 1539 127 21 Boulard
1045 1538 34 21 de
1104 1537 174 22 Villeneuve
1301 1534 117 30 (Maurice)
1446 1533 33 30 [et
1499 1533 48 23 Mm.
1570 1533 42 23 née

922 1576 183 30 Languillet],
1121 1575 60 23 villa
1197 1574 105 24 Suzette.

893 1617 112 27 Bouley
1021 1615 148 30 (Zéphyrin),
1191 1615 141 29 Ingénieur,
1351 1615 37 26 19,
1412 1619 42 17 rue
1477 1611 133 24 d'Antibes.

893 1657 134 20 Bourbon
1043 1653 34 30 (S.
1092 1654 29 23 A.
1138 1654 27 23 R.
1182 1653 22 23 le
1219 1654 35 22 C"
1269 1653 48 30 de),
1336 1652 59 23 villa
1409 1650 191 24 Marie-Thérèse

892 1697 127 20 Bournet
1034 1693 57 30 (de),
1106 1693 60 23 villa
1181 1692 131 28 Charlotte,
1328 1695 69 20 route
1413 1691 29 23 de
1456 1690 94 23 Grasse.

893 1734 189 22 Bournissien
1100 1732 37 29 (M.
1154 1736 24 20 et
1192 1731 41 29 Mnt
1246 1731 69 29 Jean)
1334 1730 53 30 [née
1403 1728 141 31 Arnoldi],
1554 1728 58 23 villa

925 1767 108 23 Edouard
1045 1767 34 31 [35
1096 1768 72 30 6.38].

893 1808 104 28 Bovès,
1012 1806 58 23 villa
1084 1805 132 32 Gaymard,
1231 1809 107 19 traverse
1352 1802 176 24 Jean-Pollfus.

893 1848 113 25 Boynes
1022 1845 47 29 (V"
1083 1849 25 19 et
1128 1845 66 23 V'
1209 1843 49 31 de),
1283 1843 58 23 villa
1361 1842 162 29 Saint-Louis,
1544 1842 67 30 place

923 1879 29 23 de
964 1881 22 22 la
1000 1879 121 32 Peyrière.

894 1920 174 29 Brabant(M.
1083 1923 25 20 et
1121 1918 48 23 Mm"
1185 1917 121 30 Edouard)
1332 1916 53 32 [née
1398 1917 30 23 de
1443 1916 170 30 Cauvigny],

923 1953 58 24 villa
994 1954 41 24 des
1051 1953 95 31 Vosges.

894 1995 211 26 Brantingham
1116 1992 39 30 (M.
1166 1995 25 19 et
1201 1991 48 23 Mme
1264 1991 115 32 Francis),
1388 1991 58 23 villa
1463 1989 150 24 Haute-Rive.

924 2033 68 18 route
1006 2028 29 23 de
1050 2027 90 31 Fréjus.

895 2069 147 26 Brawley,
1058 2066 80 24 chalet
1152 2065 33 25 du
1200 2065 67 25 Parc.

894 2108 107 21 Breille
1018 2105 75 31 (M""),
1105 2105 57 23 villa
1182 2105 21 23 la
1223 2106 116 28 Baronne,
1366 2104 83 23 ancien
1470 2102 92 24 chemin
1582 2101 31 23 du

924 2141 99 24 Gannet.

895 2183 67 20 Bret
977 2178 161 31 (Ferdinand),
1156 2180 100 28 Avocat,
1270 2187 43 15 rue
1329 2178 29 24 de
1375 2178 23 24 la
1412 2177 70 28 Gare,
1500 2178 33 23 10.

896 2221 101 27 Bright
1012 2219 39 30 (Dr
1064 2224 24 19 et
1102 2219 68 31 M"1),
1186 2218 94 25 chemin
1295 2219 29 23 de
1338 2219 23 22 la
1377 2216 138 25 Californie,
1535 2216 79 24 chalet

924 2254 93 31 Magali.
