1749 2481
1157 90 185 40 Bourgogne
1361 87 74 43 (rue
1454 88 54 42 de)

281 92 427 40 Bouquet-de-Longchamp
728 90 72 42 (rue
816 89 58 43 du)

217 185 549 30 BOUQUET-DE-LONGCHAMP
783 184 69 34 (rue
866 183 52 33 du)

249 245 63 20 XVI'
325 245 53 20 Arr.
394 244 136 26 (Chaillot)
582 249 41 16 rue
637 244 29 21 de
680 243 162 27 Longchamp,
856 243 32 21 26.

436 282 26 18 -V
474 284 42 15 rue
530 278 125 25 Boissière,
669 278 32 20 27.

326 313 108 21 Paroisse
475 311 338 22 Saint-Pierre-de-Chaillot.

216 396 24 19 «
266 395 32 20 M.
313 395 100 20 Antoine
428 399 30 15 DE
472 393 152 21 GEOFROY.

266 429 33 20 M.
314 429 92 27 George
421 434 30 14 DE
466 428 150 21 GEOFROY.

267 463 36 21 O
314 466 21 17 et
346 463 66 20 C1""
427 463 109 24 François
551 467 31 15 Du
599 460 87 22 LUART
735 460 64 27 Hély
809 459 110 22 d'Oissel.

267 497 49 20 M™
326 497 68 25 Mary
402 496 29 21 NE
445 496 44 21 YT.
695 494 81 27 (Lundi
787 495 71 25 après
867 494 13 20 5
888 493 32 25 h.]

267 531 103 20 O–dk
379 530 145 21 RIANCEY:
533 530 37 20 La
580 528 253 22 BarredeNanteuil.
842 527 79 26 [Dim.]

266 564 68 21 Vt«"<
350 570 45 15 DES
409 564 120 21 TOUCHES
575 564 118 26 Rianeey.

216 601 25 20 20
266 599 50 21 Mm"
326 599 99 21 Antoine
435 598 97 21 ANINÀT
580 597 152 28 Viale-Rigo.

401 697 198 27 BOURBON
624 696 96 34 (quai)

329 756 40 21 IX'
384 756 51 21 Arr.
449 759 26 20 <-
487 761 42 15 rue
542 755 42 21 des
598 754 162 25 Deux-Ponts,
773 754 33 21 39.

216 821 32 21 1»
264 821 32 21 M.
312 824 23 18 et
349 820 50 21 M–
413 819 104 22 Maurice
534 818 148 22 MAINDRON
739 816 119 23 Hérédia.

773 849 148 29 [Dimanche]

368 945 253 27 BOURGOGNE
635 944 69 33 (rue
719 943 50 33 de)

218 1001 48 22 VII*
278 1001 48 22 Arr.
338 1000 150 28 (Invalides).
539 999 122 23 Boulevard
673 997 199 26 Saint-Germain,
882 997 19 20 14

389 1040 25 18 ->
423 1034 49 21 Rue
483 1034 28 21 de
522 1033 113 26 Varenne,
643 1033 25 21 8i
677 1036 22 17 et
707 1032 32 21 86.

390 1069 132 20 Paroisse:
533 1066 216 23 Sainte-Clotilde.

231 1151 9 21 7
269 1151 36 21 C"
321 1149 119 23 Christian
453 1156 32 15 DE
500 1148 178 22 BEAUMONT.

266 1184 36 22 O
317 1187 25 18 et
357 1184 66 21 C'«–
438 1185 56 20 Jean
508 1185 28 20 du
553 1181 189 23 PONTAVICE:
755 1180 166 23 Néttimières.

215 1220 22 20 11
266 1218 39 22 V"
319 1221 23 18 et
354 1218 69 21 V–
439 1218 59 21 Jean
516 1223 32 15 de
565 1214 217 24 VILLOUTREYS
805 1220 30 15 du
860 1212 64 22 BRI-

297 1252 68 21 GNAC
415 1251 134 26 d'AubiUy.

216 1287 24 20 12
268 1286 35 21 C"
318 1288 23 18 et
356 1286 66 21 G'
436 1278 48 28 Élie
499 1291 32 14 de
544 1284 135 22 COSNAC:
690 1284 39 20 La
742 1280 180 27 Roahethulon,

266 1320 50 21 M»'
328 1320 88 21 Gaston
427 1319 122 21 LEGRAND
596 1318 120 21 Fourni».
829 1315 92 28 [Mardi]

216 1356 25 20 13
268 1354 69 21 V'«"
352 1352 206 22 D'AUTROCIIE:
573 1352 117 27 Laporte,

269 1389 65 21 C'
348 1394 30 15 DE
389 1387 157 21 BELMONT:
557 1387 28 20 de
597 1386 162 21 Pontbriant.

267 1422 32 22 M.
315 1425 22 18 et
351 1421 50 22 M"»
415 1421 80 21 Albert
508 1420 109 22 DUREAU
670 1419 110 22 Durand
793 1418 71 23 Ruel.

270 1456 37 21 C"
322 1461 30 15 DE
368 1456 39 20 LA
426 1453 231 23 MOTTE-ROUGE.

266 1489 179 21 Mademoiselle
460 1494 31 15 DE
505 1487 133 23 SAHUNE.
807 1490 115 26 [Samedi]

217 1525 26 19 ii
269 1524 30 21 M.
312 1526 21 18 et
343 1522 50 22 M™
403 1523 123 27 Hippolyte
542 1528 31 15 DE
589 1521 180 23 CHAMPSAVIN
815 1524 37 20 La
863 1524 61 21 Ver-

295 1560 63 19 nette
367 1557 206 22 Saint-Mawiee.

268 1592 31 21 M.
319 1594 23 18 et
364 1592 48 20 M»*
439 1592 24 19 1".
480 1591 24 21 C.
527 1590 108 21 JANNET
696 1591 226 23 Bordeaux-Mon-

294 1626 95 21 trieux.

268 1660 49 21 il"
328 1660 105 26 Auguste
445 1659 150 20 LEGRAND.

217 1693 24 21 16
269 1694 30 20 D'
310 1693 56 21 Paul
378 1692 130 21 BERGER.

268 1726 51 21 M««
336 1726 120 21 BERGER.

268 1760 31 21 M.
312 1760 105 25 Georges
428 1759 196 21 CHALANDON.

269 1794 35 21 pt.
319 1796 23 18 et
355 1793 65 21 C1""
435 1792 105 21 Ghislain
561 1797 31 15 DE
616 1792 209 23 LOUVENCOURT
890 1795 33 21 Le

293 1823 66 22 j\oir
372 1823 26 22 de
413 1822 193 25 Besqu-incoart.

268 1858 40 19 V
321 1857 91 20 Robert
426 1861 32 15 de
471 1855 239 21 LOUVENCOURT.

216 1893 24 20 17
270 1892 29 20 M
312 1891 58 20 Paul
381 1890 79 20 AZAN

267 1925 30 20 M.
307 1927 23 18 et
344 1925 49 20 M™"
408 1924 105 26 Georges
531 1923 107 21 LISCII
652 1924 97 20 Donon.

216 1960 25 20 19
266 1958 50 20 M"»
331 1957 179 21 d'ESTKESSE
525 1961 31 15 de
572 1956 121 20 I.ANZAC
713 1962 31 15 de
765 1958 135 22 LABORIE

293 1991 87 27 Perry.

266 2025 30 21 M.
310 2028 23 18 et
347 2025 49 20 M»»
410 2024 100 26 Stéphen
526 2028 30 15 DE
571 2024 122 21 LANZAC
712 2029 32 15 de
764 2024 157 24 LABORIE

291 2058 137 22 Adhémar.

216 2095 22 21 21
268 2093 31 22 M.
318 2095 23 18 et
360 2092 50 21 M»«
430 2093 27 20 A.
479 2091 280 23 GAUTHIER-VILLARS
817 2093 106 23 Claude-

293 2126 158 29 Lafontaine.

266 2162 48 20 M-
330 2168 31 14 DE
377 2159 192 23 P1ERRUGUES
586 2165 30 15 nu
633 2157 109 24 HARLAY
797 2161 125 28 Lajallet-

782 2191 136 29 (Vemlredij

1193 189 160 18 BOURGOGNE
1368 182 87 30 (suite)

972 232 23 21 21
1024 231 36 23 C"
1070 236 23 18 et
1102 233 65 22 C'
1191 233 28 22 V.
1240 240 31 15 DE
1295 232 169 22 TREMEUGE
1483 239 32 14 DE
1529 232 40 21 LA
1587 232 93 22 ROUS-

1050 264 75 25 SIÈRE
1166 268 87 21 Héi-iot
1267 268 29 21 de
1307 268 72 20 Vroil

1023 301 39 22 V"
1071 302 59 21 Jean
1140 302 204 21 deTREMEUGE
1359 308 31 15 de
1400 302 40 20 LA
1449 298 183 25 ROUSSIÈRE.

973 336 26 21 23
1025 335 30 22 M.
1066 339 22 17 et
1099 336 49 21 M»»
1159 337 23 20 L.
1194 336 127 22 LAURENT
1369 336 100 21 Merlin.

1027 371 36 22 CI
1073 373 23 18 et
1105 371 65 22 C'
1181 372 104 20 Fernand
1296 377 31 15 DE
1336 371 117 21 RAMEL:
1465 370 120 22 Labadie.

1532 398 72 29 [Lundi
1616 398 12 29 3
1640 398 36 29 h.)

1024 432 42 21 V»
1078 431 59 21 Jean
1151 437 31 15 de
1197 431 114 21 RAMEL.

1024 466 40 21 V"
1079 465 113 24 François
1208 471 32 15 de
1254 464 114 21 RAMEL.

1025 500 48 21 M™
1083 506 32 15 DE
1124 498 84 23 ROTON
1256 498 131 22 Pinteville
1397 499 28 21 da
1434 498 106 22 Cernon.

1024 534 31 21 M.
1066 538 22 18 et
1102 534 49 21 M"
1159 534 91 21 Gabriel
1262 540 31 14 DE
1302 533 86 22 ROTON
1433 533 106 21 Pontae.

1024 568 30 22 M.
1069 571 23 19 et
1106 568 48 21 M»*
1168 568 65 21 Félix
1247 574 29 14 DE
1291 567 85 22 ROTON
1422 567 107 21 Pontae.

973 604 26 20 24
1024 603 30 21 M.
1071 605 22 19 et
1106 602 49 21 M–
1165 602 71 21 Henri
1251 608 31 15 DE
1297 601 231 22 CHAMAILLARD.

1024 637 40 21 Vf
1074 639 22 18 et
1107 636 65 22 V"–
1183 636 90 21 Achille
1283 635 151 22 ESPIVENT
1448 635 39 21 DE
1503 635 39 21 LA
1556 635 122 22 VILLES-

1049 670 116 22 BOISNET
1215 671 141 21 Harecouët
1369 670 30 21 de
1411 669 201 28 Saint-Georges.

1543 703 135 27 [Vendredi]

974 740 25 22 25
1025 739 30 21 M.
1067 742 23 18 et
1100 739 49 21 M"
1160 739 72 21 Louis
1243 738 85 21 ARMEZ
1376 738 92 21 Guillon

1026 773 48 22 M–
1096 772 94 22 Claudio
1204 772 102 22 JANNET
1357 772 28 21 de
1400 771 97 22 Barlet.

1026 808 49 21 M™
1086 807 71 21 Henri
1167 813 31 15 DE
1208 807 39 20 LA
1258 805 184 22 GRANVILLE.

1027 842 30 21 M.
1073 844 23 18 et
1110 841 48 21 M»«
1169 841 72 21 Henri
1256 840 119 22 LANIEL.

1026 877 29 19 M.
1071 879 23 17 et
1107 876 50 20 M»»
1170 875 123 21 PERROT
1308 880 31 16 DE
1353 880 30 16 LA
1403 873 138 22 BREUILLE
1598 872 82 23 Gentil

1050 910 30 20 de
1095 909 25 21 la
1134 909 117 20 Breuille.
1587 907 91 26 [Lundi]

975 945 34 20 27
1026 945 69 20 v««"
1108 949 30 15 DE
1149 943 142 22 COULOGNE
1340 942 150 21 Chantérae.

1027 979 50 19 M"
1090 978 107 20 Edmond
1211 983 30 14 DE
1256 977 40 20 LA
1310 977 85 20 PRADE
1453 976 149 21 Montbrun.

1027 1012 29 20 M.
1071 1012 81 20 Albert
1166 1016 31 15 DE
1212 1010 162 22 LAPRADE.

1025 1046 40 21 M"
1076 1048 23 18 et
1109 1045 49 21 il"-
1169 1052 31 14 ri;
1208 1045 183 21 SA1NT-GENYS
1437 1044 150 22 Nadaillae.
1597 1043 83 27 [Sam.]

1024 1081 38 21 C"
1070 1080 95 21 Etienne
1175 1086 31 14 DE
1215 1078 217 23 SAINT-GENYS.

975 1114 24 22 29
1026 1115 64 20 B«–
1104 1120 32 15 DE
1151 1114 112 21 CAMAS.

1029 1149 41 20 B«»
1084 1154 32 15 DE
1131 1147 112 22 CAMAS.

1028 1183 40 20 B«
1083 1182 58 21 Paul
1149 1189 32 14 DE
1196 1182 111 21 CAMAS.

1025 1216 50 21 M–
1095 1216 77 27 Henry
1192 1215 245 23 DESROUSSEAUX
1457 1222 31 14 DE
1512 1209 153 28 MÉDRANO

1050 1250 190 21 Desrousseaux
1249 1249 29 22 de
1290 1249 142 21 Vandières.

1026 1283 38 23 M–
1083 1283 171 23 MALIVOIRE
1266 1290 31 14 DE
1308 1283 84 21 BUTET
1442 1283 82 21 Senes.

1026 1319 50 20 M-
1089 1324 32 15 DE
1135 1318 143 21 MAMONY.

975 1354 24 20 3t
1026 1353 31 20 M.
1077 1355 22 18 et
1108 1352 48 21 M–
1175 1352 81 21 Albert
1265 1351 126 22 LEGRAND
1439 1351 28 21 de
1487 1351 104 21 Vialart
1601 1351 77 26 [Trois

1511 1386 39 20 1""
1563 1384 116 26 Samedis|

975 1422 25 20 42
1027 1421 30 21 M.
1073 1420 100 22 Félicien
1188 1419 188 26 HENNEQUIN.

1026 1454 31 21 M.
1071 1457 23 18 et
1107 1454 49 20 M»»
1169 1453 68 22 Aimé
1251 1453 117 22 MOTTIN
1378 1459 31 15 DE
1419 1453 40 21 LA
1469 1453 86 21 BALME
1604 1453 68 21 Sais.

976 1489 25 21 46
1028 1488 63 21 O–
1101 1488 108 27 Philippe
1222 1494 31 15 DE
1262 1487 182 22 BEAUMONT:
1457 1488 136 21 Varennet.

1026 1522 40 21 M1'
1076 1525 23 18 et
1112 1522 50 21 M'"
1173 1528 31 15 DE
1219 1521 203 22 CHAVAGNAC:
1439 1521 151 23 Quimcnas.

1024 1557 52 20 M1"
1091 1562 32 15 DE
1136 1556 156 26 QUINSONAS
1346 1555 111 21 Oudinot
1472 1556 28 20 de
1514 1555 102 28 Reggio.

1025 1591 41 21 M'*
1076 1597 32 14 DE
1118 1591 182 25 QUINSONAS.

1026 1626 37 20 C
1077 1627 22 19 et
1113 1625 63 20 C'«"«
1189 1625 56 20 Paul
1261 1630 31 14 de
1305 1624 162 25 QUINSONAS
1518 1624 123 20 Mareieu.

974 1660 25 21 48
1025 1659 41 21 V'«
1083 1661 24 18 et
1124 1659 67 20 Vt.
1212 1659 87 20 Gaston
1310 1664 32 14 DE
1356 1658 148 20 POMEREU
1525 1657 124 21 d'ALIGRE

1050 1694 29 20 de
1091 1692 268 23 Clermont-Tonnerre.

975 1727 25 21 50
1027 1726 47 22 Son
1084 1726 126 20 Emineuce
1221 1726 41 19 Mi'
1273 1726 21 18 le
1304 1725 108 20 Cardinal
1421 1724 147 21 RICHARD.

975 1761 24 21 b2
1025 1759 30 21 M.
1067 1762 22 18 et
1099 1759 49 20 M»s
1159 1759 71 20 Henri
1241 1758 84 21 FEER.
1351 1759 28 25 [î'
1391 1759 23 19 et
1424 1759 21 19 4'
1470 1758 152 25 Dimanches,
1632 1759 45 20 Jan

1531 1788 72 21 vierâ
1614 1788 63 25 Mai].

1026 1823 29 20 M.
1066 1825 22 18 et
1096 1823 44 25 M»*
1154 1823 102 25 Auguste
1265 1821 159 21 LONGNON:
1436 1821 246 23 Villiers-Uerltiiion

1027 1856 31 19 Le
1068 1854 100 21 Général
1182 1860 31 15 DE
1222 1853 138 22 YILLERS.

975 1890 24 20 54
1027 1889 40 20 B™
1082 1892 22 16 et
1118 1889 63 20 B"
1196 1887 105 27 Georges
1312 1892 31 16 DE
1353 1886 124 22 BOISSIEU
1527 1887 101 21 Giroult
1638 1888 42 20 de*.

1051 1924 109 19 Brosses.

1027 1957 36 20 C'«
1077 1960 22 17 et
1111 1957 66 20 C1""
1200 1956 68 20 Henri
1291 1961 32 15 nu
1348 1948 111 29 PÉRIER
1483 1961 32 15 de
1535 1956 108 21 LARSAN

1051 1990 156 24 Çarbonnier
1219 1990 30 20 de
1262 1989 113 21 Marzae.

1026 2024 66 21 C'
1102 2024 85 20 Xavier
1198 2029 31 15 DE
1239 2024 119 21 PLANET
1377 2024 91 21 :Toiué
1485 2023 148 21 d'Audibert
1650 2023 33 21 de

1045 2058 107 21 Lussan.

1024 2092 52 21 M»»
1093 2092 105 21 GOIRAN
1215 2098 31 16 DE
1256 2091 244 22 ROTTEMBOURG.

1025 2126 29 21 M.
1066 2126 93 21 Gabriel
1172 2126 26 21 dk
1209 2126 201 22 VII.LKMANDY
1419 2131 32 16 de
1463 2126 37 21 LA
1510 2121 165 26 MESNIÈRE.

973 2161 23 21 61
1024 2160 66 22 V'«"«
1103 2160 26 22 de
1142 2160 53 22 GIF.

1026 2195 29 21 M.
1066 2197 23 18 et
1099 2195 88 21 M»"-de
1198 2195 119 22 LOUSTAL
1364 2195 51 28 Gif.
