1749 2481
1103 87 173 33 Exelmans
1295 83 211 45 (boulevard)

264 88 245 41 Emile-Augier
523 86 208 43 (boulevard)

236 176 320 34 ÉMILE-AUGIER
571 181 203 35 (boulevard)

171 238 66 22 XVI*
246 239 54 21 Arr.
312 238 115 27 (Muette)
437 243 25 19 <-
472 239 99 20 Avenue
582 237 28 21 de
620 238 23 20 la
652 236 181 22 Petite-Muette.

362 275 25 20 F.
398 275 98 20 Avenue
507 273 173 22 Henri-Martin.

269 309 109 23 Paroisse
415 308 193 23 Annonciation
617 307 29 23 de
655 308 89 27 Passy.

160 399 18 22 8
196 399 36 22 M.
253 401 23 19 et
294 399 50 21 M™
364 398 96 27 Eugène
486 398 37 21 LE
544 396 97 22 GRAND
710 394 158 22 Comandon.

774 429 93 27 ILundi)

148 461 26 21 10
201 460 32 21 M.
245 462 22 20 et
276 460 51 21 M»"
337 459 32 21 M.
381 459 106 22 DELMAS
539 457 181 28 Waddington.

201 495 44 21 B«
260 488 146 29 FRÉTEAU
423 500 31 16 DE
469 488 90 27 PÉNY.

149 531 26 22 14
202 530 32 22 M.
245 533 24 19 et
277 530 52 21 M«"
341 527 245 24 D»nielBETHMONT
632 526 128 24 Seerélan.

203 565 32 21 M.
251 565 27 21 et
291 565 41 21 M»"
346 564 73 21 Henri
429 563 192 23 CHEVALIER:
630 562 91 27 Bujon.
735 560 135 28 [Vendredi]

203 602 43 20 B°-
256 604 23 18 et
289 601 65 21 B"°™
366 599 126 22 ERNOUF
503 598 127 22 BIGNON.

203 636 50 20 M»"
267 636 99 26 Eugène
380 627 172 29 SECRÉTAN.

152 672 26 21 46
206 672 42 20 B™
258 675 22 17 et
292 672 64 20 B»«"
366 670 31 21 M.
409 669 139 23 PINOTEAU
593 669 142 27 Delaunay.

152 708 26 22 58
205 707 32 20 M.
248 708 25 19 et
281 707 52 21 M»"
343 705 101 22 Charles
454 704 166 22 LALLEMAND
670 702 131 29 Cajnlain.

153 743 27 22 62
206 741 32 22 M.
253 744 23 19 et
290 741 51 22 M»'
355 740 58 23 José
428 739 141 24 SANJURJO
619 738 128 23 Polonini.

328 863 235 29 ERLANGER
579 862 68 34 (rue
662 861 41 35 d')

204 916 66 22 XVI"
280 917 54 20 Arr.
345 915 134 27 (Auteuil).
490 915 29 23 <-
533 915 43 23 Rue
586 912 123 24 d'Auteuil,
719 913 26 20 65
755 914 23 18 et
786 913 33 20 67.

286 950 112 22 Paroisse
439 948 173 24 Notre-Dame
622 945 138 23 d'Auteuil.

156 1043 28 21 20
209 1041 33 21 M.
253 1045 23 18 et
284 1041 52 21 M~"
345 1040 133 22 Ferdinand
488 1032 121 28 PÉRIER.
743 1035 136 28 [Mercredi]

161 1078 26 22 36
214 1077 31 21 M.
258 1079 23 20 et
291 1077 51 21 M»'
355 1076 80 21 Pierre
447 1075 103 21 HEUZEY
600 1074 110 22 Ollicier.

333 1200 188 35 ESTRÉES
546 1207 67 34 (rue
633 1205 41 36 d')

245 1265 54 23 VII"
314 1265 53 23 Arr.
380 1265 26 23 <-
421 1263 99 23 Avenue
535 1263 28 22 de
578 1262 96 25 Villars,
688 1262 33 21 14.

175 1349 18 23 5
211 1349 54 23 M"»
294 1349 25 21 E.
336 1355 32 15 DE
383 1347 185 22 BAVINCHOVE
623 1344 153 28 Chauffard.

214 1385 43 21 H»»
267 1387 24 19 et
301 1384 64 21 b«."
381 1384 57 20 Paul
453 1380 176 24 BAVINCHOVE
680 1380 35 24 de
733 1379 95 22 St-Pol.

215 1418 32 22 M.
264 1422 22 19 et
295 1418 51 22 M»"
357 1417 136 22 Alexandre
502 1415 82 23 LEFAS
628 1414 118 22 Fessard.
789 1413 93 28 [Mardi]

216 1454 36 22 M.
269 1456 23 19 et
302 1453 50 21 M»"
368 1451 66 22 René
446 1451 38 23 LE
494 1449 105 24 MAROIS
644 1450 40 21 La
701 1448 151 25 Tournerie.,

767 1482 115 28 [Samedi]

216 1524 51 21 M-
276 1530 32 15 DE
319 1521 189 23 PEYRIAGUE.

216 1561 43 20 B™
273 1557 167 24 PINOTEAU.

290 1678 252 34 ÉTATS-UNIS
558 1681 102 36 (place
675 1680 67 35 des)

203 1741 64 21 XVI"
277 1741 53 21 Arr.
342 1738 139 29 (Chaillot).
493 1738 25 29 «-
531 1738 122 26 Comprise
664 1739 66 18 entre
738 1736 109 21 l'avenue

272 1775 86 23 d'Iéna,
373 1775 23 20 la
405 1780 42 15 rue
457 1774 64 21 Nitot
532 1776 21 17 et
563 1772 22 20 la
595 1778 42 15 rue
647 1772 28 20 de
686 1770 97 21 Galilée.

280 1817 111 23 Paroisse
428 1816 173 23 Saint-Pierre
610 1815 30 21 de
650 1814 120 23 Chaillot.

182 1902 12 20 t
222 1899 31 21 M.
265 1901 22 19 et
297 1897 50 21 M»"
357 1896 67 22 Jules
433 1895 137 23 EPHRUSSI
616 1893 112 29 Pfeiffer.
752 1892 137 27 [Vendredi]

183 1934 17 23 3
217 1934 35 23 M.
270 1934 81 26 Henry
367 1932 25 21 E.
409 1931 106 22 JONES.

181 1969 17 23 4
215 1969 35 23 M.
263 1972 23 19 et
296 1969 51 21 M»"
359 1966 72 22 Ileuri
443 1965 148 22 DEUTSCH
602 1965 38 27 (de
656 1964 39 22 LA
713 1962 136 22 MEURTHE

220 2004 82 23 Raba.
797 1999 92 27 [Lundi]

182 2040 16 21 6
214 2040 48 21 p..
274 2042 22 19 et
311 2039 69 21 P««»
395 2036 77 22 A.-W.
485 2034 223 24 BARIATINSKY.

180 2074 17 22 8
214 2074 35 22 M.
264 2078 22 18 et
297 2074 50 21 M»"
359 2070 32 25 G.
407 2070 192 25 nFSAINT-PAUL
644 2068 139 27 Poliakoff.
797 2068 93 28 [Vend.]

183 2110 18 21 9
219 2110 54 21 M'"
284 2110 83 21 Albert
376 2107 154 26 ACLOQUE.

175 2147 20 19 Ii
225 2146 31 21 M.
269 2144 133 23 Ferdinand
413 2141 259 25 BISCHOFFSHEIM.

227 2180 49 20 M»"
291 2179 107 22 Maurice
408 2176 231 24 BISCHOFFSHEIM
693 2175 129 28 Cheeignë.

176 2215 23 20 61
230 2214 49 21 M»"
291 2214 129 21 Francisco
437 2219 32 16 DE
479 2211 106 23 YTURBE
637 2212 135 21 Atristam.

229 2248 32 23 M.
273 2251 23 19 et
305 2248 51 22 M™
370 2247 90 27 Miguel
470 2253 32 16 DE
512 2246 127 22 YTURBE
650 2246 170 21 .Limantour.

1036 175 394 35 EUGÈNE-FLACHAT
1446 180 79 35 (rue)

953 238 77 22 XVII"
1039 239 53 21 Arr.
1104 239 248 27 (Plaine-Monceau).
1366 239 29 27 <-
1406 238 51 21 Rue
1468 237 135 27 Verniquet.

1104 278 25 19 -»̃
1138 274 25 22 F.
1174 280 92 16 avenue
1277 273 137 28 Gourgaud,
1425 273 32 21 18.

1032 309 109 22 Paroisse
1179 307 345 29 Saint-François-de-Salei.

934 374 17 22 2
968 374 70 22 B°«"
1054 375 59 21 Yéle
1124 381 32 16 DE
1166 375 153 23 GUESTRE.

922 409 25 21 14
974 409 30 21 M.
1015 413 24 17 et
1049 409 51 21 M–
1109 410 110 22 Edouard
1234 410 155 22 SAUVAGE.

922 445 26 20 15
974 445 41 20 V»
1030 448 23 17 et
1067 445 70 21 V'
1152 446 54 27 Guy
1223 452 32 14 DE
1268 444 169 22 DAMPIERRE
1491 443 120 22 Molinos.

976 480 31 21 M.
1023 480 66 21 Léon
1101 480 150 22 MOLINOS.

923 514 26 21 16
976 514 31 21 M.
1018 517 24 18 et
1051 515 51 20 M«"
1111 515 27 21 A.
1151 515 181 22 GUILLAUMET
1380 515 121 20 Damont.

924 550 25 20 17
978 550 24 22 M.
1014 550 60 22 J.-M.
1085 550 57 21 Dias
1150 550 172 22 MONTEIRO.

977 584 239 23 M""MONTEIRO.
1528 584 117 27 [3"JeudiJ

925 620 26 22 19
977 620 32 22 M.
1020 623 23 18 et
1053 620 43 22 M»'
1110 620 101 22 Charles
1232 614 33 28 de
1281 614 116 28 BÉRIOT.
1509 618 134 28 [Mercredi]

978 655 32 21 M.
1022 658 22 18 et
1053 655 51 21 M»'
1114 655 34 22 RI
1165 655 68 22 VAUD
1244 662 31 14 DE
1287 656 38 21 LA
1337 649 199 27 RAFFINIÈRE:
1548 654 96 22 Bériot.

927 691 25 20 25
980 691 31 21 M.
1026 694 22 17 et
1063 691 50 21 M»
1129 690 80 28 Roger
1222 691 142 21 JOURDAIN
1415 689 162 29 Moulignon.

927 726 26 21 24
979 726 32 21 M.
1022 729 23 18 et
1055 726 50 21 M-
1116 726 99 22 Charles
1225 726 76 21 PICOT
1343 726 123 26 Fouquet.
1553 724 95 28 [MardiJ

926 761 27 21 32
981 761 37 22 C"
1033 764 22 18 et
1071 761 64 21 C1""
1151 761 64 21 René
1226 767 32 15 DE
1273 760 164 22 BROUVILLE
1486 760 99 28 Mareij.

927 796 26 20 34
981 797 31 21 M.
1023 800 23 17 et
1056 796 51 21 M»'
1116 796 81 21 Albert
1208 796 129 22 WIGNOLE
1389 795 179 22 Tailliandier.

1055 874 375 33 EUGÈNE-LABICHE
1445 879 78 36 (rue)

930 928 55 22 XVI*
998 928 55 22 Arr.
1065 927 312 24 ^-Boul.Jules-Sandeau->
1391 927 42 24 rue
1442 925 209 24 Octave-Feuillet.

944 1001 16 28 8
976 1001 49 28 M»-
1041 1001 82 28 Henri
1139 1001 198 28 LÉVY-ALVARÈS
1385 1001 115 28 Robino.
1539 1007 113 27 [Diinaa.J

932 1044 25 20 10
983 1044 35 21 M.
1037 1044 90 21 Octave
1142 1043 145 22 BORELLI.

984 1078 31 21 M.
1027 1080 23 19 et
1059 1078 51 21 M»
1121 1077 57 22 Paul
1195 1077 121 22 FAZENDE
1364 1077 80 21 Koek.

933 1114 23 21 11
984 1113 67 22 B"»"
1062 1113 41 22 D™
1117 1119 32 16 DE
1160 1107 142 28 BÉVILLE.

986 1149 43 20 B.»
1039 1151 22 18 et
1071 1150 60 19 B"™"
1146 1155 31 14 DE
1189 1141 140 28 BÉVILLE.

985 1184 32 20 M.
1034 1183 73 21 Henri
1119 1189 32 15 DE
1161 1176 142 27 BÉVILLE.

1073 1261 365 33 EUGÈNE-MANUEL
1454 1266 80 36 (rue)

1231 1310 65 20 XVI'
1310 1311 52 20 Arr.

950 1381 11 20 2
989 1381 38 21 C"
1040 1381 99 26 Amjorn
1150 1387 32 15 DE
1197 1380 131 22 SPARRE.

937 1416 25 21 16
989 1415 38 23 O
1036 1417 23 19 et
1069 1415 67 22 C<>–
1150 1416 103 27 Jacques
1268 1421 31 15 DE
1311 1415 116 22 LESDAIN
1472 1415 100 29 Bailey.

1182 1500 139 27 EULER
1336 1500 80 35 (rue)

940 1550 64 22 VIII"
1021 1551 57 21 Arr.
1095 1542 256 37 (Champs-Elysée»).
1366 1542 75 37 «-Rue
1458 1550 29 21 de
1502 1551 118 25 Bassano,
1634 1550 24 21 31

1107 1588 23 18 et
1138 1586 32 21 33.
1181 1590 25 19 ->̃
1216 1586 100 21 Avenue
1326 1587 121 25 Marceau,
1458 1586 32 20 66.

1052 1620 109 22 Paroisse
1198 1621 345 22 Saint-Pierre-de-Chaillot.

951 1687 17 21 8
985 1687 35 21 M.
1034 1688 67 20 Jules
1111 1687 176 22 LACOURTE.

941 1723 25 21 12
992 1723 42 21 V"
1043 1724 24 19 et
1076 1723 70 20 V'"»
1158 1728 31 16 DE
1200 1722 247 22 SAINTE-SUZANNE
1497 1721 124 22 NoailUs.

942 1757 25 22 14
993 1757 31 21 M.
1040 1759 23 19 et
1076 1756 51 22 M»"
1141 1757 97 21 Francis
1249 1755 157 23 LAWRANCE
1464 1755 106 23 Garner.

942 1792 25 22 16
993 1792 51 21 M–
1055 1792 25 21 L.
1096 1797 33 15 DE
1142 1790 321 24 FRANCISCO-MART1N.

941 1827 26 21 !»
995 1827 46 20 LL.
1054 1826 50 21 AA.
1118 1825 44 23 SS.
1174 1826 38 21 P"
1223 1829 22 17 et
1255 1825 68 21 P«""
1338 1825 101 22 Charles
1459 1824 168 23 d'ISENBURG

993 1861 88 21 Lewis.

1081 1929 243 41 EXELMANS'
1330 1944 200 35 (boulevard)

1087 1996 65 21 XVI"
1162 1997 51 20 Arr.
1225 2000 26 19 <-
1264 1996 59 25 Quai
1334 1996 124 27 d'Auteuil,
1475 1998 45 21 168.

1074 2030 110 22 Paroisse
1227 2030 168 23 Notre-Dame
1405 2031 140 23 d'Auteuil.

946 2106 25 21 39
999 2105 49 21 M–
1060 2104 148 22 CARPEAUX
1258 2105 136 29 Montjort.

946 2140 27 22 90
999 2140 50 21 M"
1061 2139 73 22 Louis
1148 2139 103 21 HEUZEY
1304 2141 113 21 Bezodis.

999 2175 30 21 M.
1041 2174 33 25 et
1090 2174 33 25 M–
1135 2174 64 21 Léon
1211 2175 139 22 HEUZEY:
1361 2176 123 21 Leeomte.

947 2211 35 20 121
994 2210 32 21 M.
1039 2212 22 18 et
1071 2209 50 21 M–
1135 2210 80 20 Pierre
1227 2209 114 24 NICOLAS
1386 2211 176 22 Darst-Wild.

950 2246 36 21 123
1000 2245 33 21 M.
1045 2244 28 22 et
1087 2244 42 22 M»"
1143 2244 103 24 Albert
1263 2244 137 24 DELACOUR
1533 2243 135 31 [Mercredi!
