1749 2481
321 103 310 33 SAINT-RAPIIAEL
864 105 77 32 VAR
1120 108 346 31 TAMARIS-SUR-MER

171 197 150 23 Larivière
338 197 70 31 (M"«),
424 198 57 23 villa
495 198 52 23 Mon
563 199 84 30 Repos.

172 237 38 21 La
224 237 125 27 Saussay
363 235 57 31 (de),
435 236 57 24 villa
504 237 73 23 Alice.

170 274 42 23 Le
227 274 67 29 Roy
310 273 37 31 (M.
363 274 31 24 et
409 274 31 24 M–
458 274 76 31 Paul),
550 275 57 25 villa
621 274 54 25 Mon
688 275 85 30 Repos.

171 315 106 21 Leusse
296 313 44 29 (C*"
360 313 76 24 Raoul
452 313 38 30 de)
510 314 34 31 [et
562 314 62 24 C'
642 315 41 23 née
700 314 174 29 Strigeuski],

203 342 55 24 villa
272 342 165 25 Notre-Dame.

172 383 183 27 Longchamp
369 381 38 30 (M.
424 386 23 20 et
459 381 49 24 M-*
523 381 46 32 de),
577 382 58 24 villa
642 382 133 24 Ferdinand
785 386 24 20 et
818 382 57 24 villa

201 411 104 24 Gabriel.

172 451 110 22 Lutaud
296 450 58 29 (Drt,
368 450 57 24 villa
439 450 45 24 Les
497 449 110 25 Mimosas

171 515 120 24 Mariani
306 514 118 31 (Angelo),
438 515 58 24 villa
509 515 238 24 Andréa-Valescure.

172 556 105 20 Martin
292 553 93 30 (Félix),
398 553 59 24 villa
470 554 43 23 Les
528 554 83 23 Cistes.

172 590 119 20 Mtaulet
305 588 58 29 (Dr),
378 588 58 23 villa
450 588 79 23 Tibur.

172 627 150 28 Montigny
337 626 57 30 (M™«
408 626 48 31 de),
471 627 56 23 villa
541 626 44 24 Les
599 627 111 23 Rochers.

172 691 102 27 Niepce
288 690 57 30 (Dr),
359 690 59 23 villa
430 690 132 24 El-Ouaah.

172 763 106 23 Péeout
291 763 59 31 (M.),
365 763 58 24 villa
437 763 34 24 les
486 763 156 24 Hirondelles.

173 807 104 22 Poncet
290 806 57 30 (Dr),
362 806 58 23 villa
435 805 97 24 Hamon.

170 950 142 24 Isnardon
333 951 111 32 (Jacques)
465 951 33 32 [et
518 950 47 24 M""
594 952 40 22 née
662 950 128 32 Foreau],
817 949 58 25 villa

202 999 11 12 «
227 989 32 24 Le
272 989 48 24 Mas
334 990 29 23 de
376 990 25 23 la
414 989 79 31 Cigale
503 999 22 14 ».

175 1138 107 24 Borelli
297 1139 112 31 (Octave),
577 1139 33 31 [et
626 1138 67 32 M»'],
714 1140 29 28 &
768 1138 31 23 du
814 1137 62 31 Cap-

203 1172 181 32 Saint-Tropez.

172 1258 122 26 Cabasse
309 1258 77 32 (M-),
399 1260 59 24 villa
470 1259 94 31 Valpin.

174 1300 203 26 Champmorin
392 1298 56 30 (Mm.
463 1299 47 29 de),
525 1298 57 24 villa
594 1297 178 24 Marie-Léonce.

173 1338 125 22 Christol
313 1337 145 30 (Stanislas),
473 1337 57 23 villa
543 1336 93 24 Denise.

173 1377 172 27 Condroyer,
361 1375 57 24 villa
432 1375 41 24 des
486 1374 106 25 Mûriers.

173 1457 164 29 Delacroix,
353 1457 56 23 villa
424 1456 125 25 Gabrielle.

174 1539 246 30 Galliart-Emerat,
435 1539 46 30 jfe
498 1540 42 22 des
553 1539 63 24 Pins.

175 1578 112 28 Gasque
313 1577 57 24 'M"«
385 1577 47 32 de),
455 1580 28 28 ^j
500 1577 29 24 de
543 1578 165 31 Pampelonne.

174 1617 111 27 Gasqufc
312 1616 35 29 IF.
362 1616 47 29 de),
424 1617 82 28 même
526 1617 41 28 é.

173 1655 116 27 Gouilly
304 1654 75 31 (M"'),
394 1656 58 22 villa
464 1656 96 22 Jeanne.

173 1812 107 28 Dupuy
296 1814 34 22 de
349 1813 86 22 Lôme
453 1812 129 30 (Georges),
597 1814 33 20 1"
645 1812 132 23 secrétaire
794 1810 13 24 a
820 1810 54 24 'Am-

203 1850 109 30 bassade,
328 1850 57 24 villa
400 1850 121 25 Miramar.

175 1950 136 22 Lancelin
326 1949 72 30 (Ed.),
413 1949 58 23 villa
483 1948 35 23 La
530 1948 55 24 Mer.

175 2104 88 28 Berly
279 2102 36 32 (M.
331 2102 135 24 Gaston-H.
482 2102 35 32 de)
535 2102 32 32 [et
588 2101 47 25 M"»
649 2104 42 22 née
706 2100 172 31 Rossollen],

204 2137 59 24 villa
277 2136 176 30 George-Sand.

174 2177 124 28 Berryer
314 2175 209 31 (Lucien-Joseph).

176 2246 102 24 Michel
294 2245 114 30 (Marius).

927 201 186 23 Reverseaux
1130 200 42 31 (O
1186 200 36 31 de)
1239 201 33 30 [et
1287 200 61 24 G"1"
1357 202 42 22 née
1408 200 29 23 de
1450 202 181 22 Rohan-Cha-

956 238 65 31 bot],
1037 238 58 24 villa
1109 239 42 23 des
1163 238 121 24 Mimosas.

928 277 165 24 Rochereau
1108 277 74 30 (M""),
1197 278 58 23 villa
1267 278 44 23 Les
1324 277 132 24 Terrasses.

928 322 162 21 Rochereau
1105 322 33 22 de
1152 322 28 22 la
1196 322 126 22 Sablière
1336 321 124 29 (Charles),
1484 321 76 22 même
1579 320 50 23 adr.

928 414 127 29 Savigny
1070 416 33 22 de
1117 417 160 26 Montcorps
1292 415 46 28 (V"
1353 414 46 30 de),
1464 414 33 30 [et
1511 414 65 24 V"
1590 416 41 22 née

958 448 28 23 de
1000 449 210 30 Villerslafaye]
1233 448 39 30 (15
1285 448 26 30 M.
1327 449 48 30 A.),
1390 449 57 24 villa
1460 448 29 24 de
1508 448 123 25 l'Oustalet

958 482 41 31 dou
1012 482 111 31 Capelan.

929 527 87 22 Selles
1030 525 44 31 (C"
1089 525 48 31 de),
1151 526 57 23 villa
1223 526 30 23 de
1268 526 82 24 Selles.

929 571 112 22 Senaux
1056 569 91 30 (Léon),
1162 570 130 30 Ingénieur
1308 575 134 24 agronome,
1463 569 108 31 quartier
1591 569 40 23 des

957 607 101 23 Plaines.

929 648 123 26 Sergent,
1067 646 58 23 villa
1139 645 80 25 Marie.

929 729 140 23 Vendôme
1086 729 56 30 (Duc
1155 733 25 19 et
1193 729 57 23 D""
1260 729 47 29 de).

929 768 117 22 Verdier
1060 766 39 31 (M.
1115 772 23 19 et
1151 766 47 24 M»"
1211 767 122 30 Antoine),
1356 769 27 28 {^
1403 767 33 24 Ile
1449 758 79 32 Verte.

930 807 126 26 Vregille
1072 805 37 30 (M.
1126 810 23 19 et
1161 805 48 24 M»*
1222 806 29 23 A.
1267 806 46 30 de),
1327 806 59 24 villa
1398 806 161 23 Notre-Dame.

709 877 189 24 SAINT-CYR
917 874 44 31 (Kl
975 874 44 31 fe=
1040 875 46 29 â3)

685 1077 252 25 SAINT-TROPEZ
955 1075 42 31 (13
1011 1075 42 31 j?=
1071 1076 50 30 e5)

929 1140 120 24 Ollivier
1058 1135 103 35 (Émile),
1171 1141 28 23 de
1208 1140 144 25 l'Académie
1361 1140 123 30 française
1493 1139 32 31 [et
1532 1139 48 24 MmÉ
1591 1140 41 22 née

960 1180 137 28 Gravier],
1111 1179 58 24 villa
1178 1180 24 22 la
1213 1179 98 24 Moutte.

931 1222 119 23 Ollivier
1064 1221 100 31 (Daniel)
1180 1222 33 31 [et
1225 1221 48 24 M°"
1290 1223 41 22 née
1345 1221 31 23 du
1391 1220 170 31 Bouchage),
1576 1220 56 23 villa

960 1260 23 22 la
996 1259 97 25 Moutte.

931 1341 133 23 Pelletier
1078 1340 38 31 (M.
1132 1345 23 19 et
1169 1341 47 23 M"
1230 1341 54 30 H.),
1297 1341 54 30 fàde
1373 1340 164 25 Cannebières.

931 1424 121 29 Quentin
1069 1423 30 22 de
1112 1424 127 27 Mimont,
1260 1423 58 23 villa
1330 1422 132 23 Belle-Vue.

933 1509 149 30 Reymond
1098 1508 36 30 (M.
1151 1512 23 20 et
1188 1508 49 23 M»"
1251 1508 89 30 Henri),
1353 1508 13 23 a
1379 1508 39 23 Les
1433 1507 96 24 Roches.
1540 1515 11 12 n

933 1554 89 25 Roux,
1038 1551 58 24 villa
1113 1551 140 30 Baptistine.

933 1651 177 27 Saumartin,
1124 1649 58 24 villa
1195 1648 160 25 Louis-Marie.

728 1737 41 25 LA
795 1735 114 26 GARDE
926 1731 46 30 (Kl
989 1730 37 32 &
1041 1729 51 30 â)

929 1809 165 22 Montenard
1108 1806 37 31 (M.
1160 1806 117 30 Frédéric)
1287 1806 34 31 [et
1332 1806 47 24 M"'
1394 1806 43 24 née
1450 1805 105 30 Court],
1579 1806 56 23 villa

959 1841 41 24 des
1018 1840 118 25 Mimosas.

930 1911 70 22 Zédé
1025 1910 44 30 (Le
1098 1908 102 25 Général
1214 1909 113 29 Charles),
1343 1908 27 25 G.
1387 1908 24 24 0.
1427 1909 29 28 #
1475 1908 33 31 [et
1521 1907 48 24 M»'
1593 1909 42 22 née

960 1946 148 26 Dupuyde
1123 1943 104 31 LômeJ,
1243 1943 57 24 villa
1314 1943 153 24 Costebrune.

661 2024 329 28 TAMARIS-SUR-MER
1007 2019 45 32 (13
1067 2019 45 32 fc=
1132 2020 46 30 &)

932 2100 103 21 Michel
1052 2098 34 22 de
1100 2099 151 22 Pierredon
1266 2096 81 31 (V"1")
1364 2096 51 32 [néo
1431 2097 29 23 de
1474 2099 94 27 Briey,
1579 2098 57 23 villa

961 2136 135 24 Pierredon.

931 2206 176 24 Saint-Seine
1127 2204 44 32 (Gta
1190 2204 67 32 Jean)
1277 2204 33 32 [et
1328 2205 63 25 C1""
1411 2206 41 23 nés
1471 2204 164 31 Lecointre],

960 2244 58 25 villa
1032 2244 146 29 Mauresque.
