1749 2481
366 94 159 30 ANTIBES
665 94 345 31 ALPES-MARITIMES
1167 97 191 30 BEAULIEU

133 255 145 25 Ardisson,
294 252 108 26 Notaire,
416 259 43 15 rue
472 251 135 23 Aiibernon.

133 289 125 24 Arjuzon
273 285 45 30 (V"
333 290 24 18 et
371 285 64 22 V1""
453 284 30 29 d')
494 285 50 30 [née
559 285 29 23 de
604 285 162 29 Vilmorin],
777 285 59 23 villa

161 315 26 24 La
200 315 105 24 Colline.

133 355 100 22 Astoin
242 354 132 29 (Auguste),
385 353 136 29 Ingénieur,
531 353 31 26 22,
572 353 21 26 r.
603 352 28 22 de
639 352 119 22 l'Hotelde
765 351 70 23 Ville.

134 419 50 22 Bel
201 417 108 30 (J.-M.),
322 417 122 30 Ingénieur
472 416 58 21 civil
554 416 40 21 des
617 416 77 22 Mines
722 416 30 29 [et
770 414 65 29 M»"],

165 448 24 21 11
205 447 46 25 bis,
266 452 42 16 rue
323 446 28 22 de
365 444 207 23 l'Hôtel-Lie-Ville.

134 481 99 22 Bernis
248 479 75 29 (V1""
337 478 117 24 Gabrielle
468 477 38 31 de)
522 478 51 29 [née
597 477 133 30 Sabatier],
743 477 39 30 ;gj
809 476 28 22 de

164 509 27 29 la
204 509 95 29 Brague.

135 544 137 23 Bertrand
285 542 76 29 (Mm"),
375 541 58 23 villa
447 540 134 28 Taormina,
596 542 68 21 routé
677 540 32 22 du
723 540 56 29 Cap.

134 607 101 22 Cantin
249 605 52 29 (M.),
311 605 42 29 flâj
371 604 34 23 La
419 603 138 30 Cigaronne.

134 642 134 21 Catalona
282 638 74 28 (G1""
370 638 47 28 de),
433 637 58 23 villa
505 636 65 30 Olga.

136 676 68 20 Caze
228 675 32 20 de
283 674 138 21 Caumont
445 671 90 27 (Franz)
560 670 32 23 l'et
613 669 48 23 M™
683 670 42 22 née
748 669 28 22 de
800 671 38 20 La

162 701 128 29 Tremblay
306 701 161 29 e-Doniol],
482 700 59 23 villa
553 694 127 29 Maizières.

134 739 107 19 Chabat
254 736 57 28 (I)'),
326 741 42 16 rue
382 734 151 23 Font-Vielle.

134 779 122 22 Chancel
270 777 76 28 (M""),
359 776 58 23 villa
431 775 110 28 Thérésa,
556 778 67 19 route
637 774 31 23 du
684 773 57 30 Cap.

134 812 206 22 Commanville
351 810 56 29 (M–
420 809 128 29 Caroline),
558 808 60 23 villa
629 807 77 27 Tanit,
715 813 43 22 cap
768 805 71 24 d'An-

164 841 69 23 tibes.

134 877 83 20 Coote
232 873 91 29 (Cu"'),
338 873 57 22 villa
408 872 193 23 Marie-Thérèse.

135 939 101 21 Doniol
250 937 38 28 (M.
304 941 23 17 et
340 936 48 22 M""
402 935 47 29 H.),
464 934 58 24 villa
534 934 129 23 Maizières.

135 972 150 26 Dracopoli
299 970 60 29 (M.),
371 970 60 29 villa
445 968 133 30 Dracopoli,
592 966 130 24 boulevard
736 965 31 23 du
782 964 54 29 Cap.

136 1123 77 26 Arcy
228 1121 49 29 (d'),
293 1121 57 22 villa
364 1120 120 23 Hermosa.

137 1158 116 25 Avaray
268 1155 65 28 (D""
348 1155 31 27 d')
395 1155 51 29 [née
461 1155 135 30 Seguier],
607 1155 57 22 villa
677 1155 44 22 Les
731 1154 106 23 Oliviers.

137 1220 101 25 Bailet,
252 1217 57 23 villa
324 1217 122 23 Claudine.

137 1258 121 21 Bennett
274 1254 215 29 (James-Gordon),
503 1254 57 24 villa
572 1255 130 23 Kamouna.

139 1290 86 22 Biard
238 1288 39 29 (M.
294 1292 23 19 et
330 1287 67 30 M°"),
412 1289 56 22 villa
481 1288 71 24 Biard
561 1293 24 19 et
593 1289 57 23 villa
660 1289 43 23 Les
713 1289 124 23 Bambous.

135 1324 143 20 Blondeau
288 1322 114 29 (Robert),
415 1322 26 23 0.
452 1323 27 22 A.
495 1322 32 30 jQI
537 1322 36 30 (et
585 1322 48 30 M"")
646 1322 54 31 [née
713 1322 122 31 Moisset],

165 1352 61 22 Villa
235 1352 81 22 Tunis.

134 1423 270 23 Constantinovitch
430 1422 38 30 (M.
492 1427 23 18 et
535 1423 49 23 M–
603 1423 37 22 W.
662 1423 47 29 de),
731 1423 58 23 villa
809 1423 28 23 de

165 1455 154 24 Mandarines.

135 1520 133 24 Darasse,
282 1518 93 23 Artiste
389 1518 109 26 Peintre,
512 1518 58 23 villa
584 1518 106 23 Darasse.

136 1554 103 21 Delore
255 1550 125 29 (Charles),
394 1552 146 23 Architecte.

135 1588 174 24 Deschamps
325 1584 35 29 (M.
377 1588 24 18 et
414 1584 55 29 M–),
482 1584 69 29 villa
566 1584 122 23 Galitzine.

136 1620 302 29 Dujardin-Beaumetz
452 1618 75 30 (M™"),
541 1619 58 22 villa
612 1619 44 22 Les
669 1619 122 23 Palmiers.

136 1687 133 22 Faletans
284 1685 71 29 (C1""
370 1684 46 30 de),
432 1685 57 24 villa
503 1685 85 24 Grisel.

137 1721 249 22 Fohnston-Lavis
397 1720 121 28 (Docteur)
527 1724 24 18 et
560 1719 46 24 M"1
616 1721 41 23 née
668 1723 169 22 Bourdariat

165 1748 62 24 villa
239 1748 75 24 Lavis.

135 1783 150 22 Fondville
306 1782 69 28 (C"
390 1782 38 28 de)
446 1784 42 22 née
501 1785 34 20 de
559 1784 184 27 Gaudechart,
768 1784 68 23 Scot-

164 1811 106 28 Cottage.

136 1846 112 21 Foresta
262 1843 71 28 (Cu–
346 1843 47 29 de),
408 1844 56 23 villa
478 1844 28 24 de
520 1844 96 24 Foresta

136 1910 79 26 Gilly
230 1909 36 24 (M.
283 1913 23 18 et
320 1909 66 27 H–),
402 1909 56 23 villa
471 1910 29 22 de
515 1910 72 29 Gilly.

136 1945 160 24 Goubareff,
312 1943 57 21 villa
383 1942 134 23 Goubarefl.

135 1977 125 22 Gourdin
275 1975 38 29 (M.
331 1979 23 19 et
368 1975 65 29 M**),
448 1977 58 21 villa
521 1976 113 23 Gourdin.

136 2010 181 22 Gouttenoire
340 2010 32 21 de
399 2011 93 27 Toury
517 2009 36 29 (M.
577 2014 24 19 et
622 2010 48 23 M™*
689 2010 78 29 Henri)
788 2012 51 30 [née

166 2041 113 20 Worms
294 2040 33 21 de
342 2040 134 28 Romilly,
491 2039 57 23 villa
561 2039 76 29 Anna,
657 2040 63 24 boul.
736 2041 103 24 Franco-

166 2068 81 23 Russe.

137 2102 178 22 Gouttenoire
330 2102 32 22 de
376 2104 97 26 Toury
493 2102 134 29 (Fernand),
647 2104 74 24 même
736 2104 94 24 adresse

137 2137 95 21 Guisel
246 2134 37 28 (M.
299 2138 24 19 et
335 2135 48 23 M"*
398 2135 113 29 Charles),
526 2136 56 23 villa
596 2136 83 24 Grisel.

138 2170 125 26 q-uissler
278 2168 36 28 (M.
331 2172 24 19 et
368 2168 62 30 M""),
442 2168 62 30 villa
519 2171 75 22 Anna.

686 179 149 23 ANTIBES
854 176 49 30 (ES
919 176 33 30 &=
969 177 50 28 âg)

888 253 254 30 Franklin-Grout(
1157 254 29 23 Dr
1200 259 23 18 et
1232 254 65 29 M»").

888 291 110 22 Fréneu
1013 292 57 28 (I)r),
1085 298 43 16 rue
1141 292 135 23 Aubernon.

888 363 121 26 L'Espée
1023 362 49 29 (B"«
1086 363 47 29 de),
1148 365 28 27 fl5j
1193 363 29 23 de
1237 363 97 30 l'Espée,
1346 363 105 30 quartier
1460 363 41 23 des
1515 363 78 23 Puits..

888 439 96 22 Mallet
998 439 39 27 (M.
1052 444 25 18 et
1090 439 49 24 M"°
1152 439 111 30 Eugène),
1277 443 67 19 route
1358 439 28 23 de
1401 440 22 22 la
1440 438 78 30 Plage,
1534 438 56 24 villa

918 472 31 22 du
965 472 56 29 Cap.

890 536 116 21 Panisse
1021 534 56 30 (H1"
1092 535 49 29 de),
1163 538 28 26 {£&
1214 535 61 28 Salé,
1291 539 67 18 route
1371 535 29 23 de
1415 535 93 24 Grasse.

889 573 143 28 Perrigne,
1046 572 59 24 villa
1118 572 42 24 des
1174 572 88 30 Bluets,
1276 577 68 19 route
1357 573 31 22 du
1403 572 56 30 Cap.

889 645 128 21 Reibaud
1030 644 55 30 (F.),
1100 645 107 27 Notaire,
1222 646 37 27 16,
1270 651 42 16 rue
1325 644 41 23 des
1379 644 122 23 Palmiers.

890 684 88 20 Rocca
991 680 76 30 (M™*),
1081 682 59 23 villa
1154 682 100 28 Bettina,
1269 686 68 19 route
1349 682 32 23 du
1396 682 57 29 Cap.

890 756 136 22 Serailler
1038 756 77 29 (M""),
1129 756 59 23 villa
1202 756 147 28 Rose-Marie,
1363 764 43 15 rue
1419 756 29 23 de
1463 757 23 22 la
1499 756 78 31 Plage.

890 795 100 21 Soleau
999 792 38 29 (M.
1049 798 23 18 et
1082 793 47 23 M""
1141 794 104 28 Robert),
1257 794 133 24 Conseiller
1398 796 15 22 à
1423 795 24 23 la
1457 795 62 23 Cour
1526 794 71 28 d'Ap-

916 832 41 28 pel
970 832 27 28 de
1012 832 84 27 Paris,
1112 832 75 23 Maire
1199 832 134 23 d'Antibes.

891 899 130 23 Thénard
1035 898 71 29 (B"-
1121 899 75 28 Paul),
1217 899 56 23 villa
1286 899 117 29 Thénard,
1413 904 67 20 route
1490 899 32 24 du
1536 899 59 30 Cap.

891 963 143 22 Vilmorin
1044 962 56 28 (M""
1115 962 38 28 de)
1165 964 41 21 née
1217 965 135 25 Darblay.
1363 962 60 24 villa
1436 963 33 23 La
1480 962 98 25 Colline.

683 1054 176 27 BEAULIEU
880 1051 45 29 (Kl
943 1050 99 31 &=«)

893 1119 153 22 Ilauterive
1064 1118 36 28 (M.
1119 1121 24 19 et
1156 1117 47 23 M™°
1217 1118 47 28 de),
1280 1118 55 23 villa
1350 1117 96 24 Marina.

893 1173 183 27 Kladischeff,
1091 1173 57 22 villa
1162 1172 153 23 kladischeff.

891 1228 117 26 Lepetit,
1024 1227 58 23 villa
1094 1227 101 29 Lepetit.

892 1263 129 25 Livesey,
1037 1260 57 23 villa
1108 1261 58 22 Casa
1179 1261 38 22 del
1232 1260 83 23 Monte.

893 1320 140 22 Marinoni
1047 1318 56 29 (M°"
1121 1318 145 30 Hippolyte),
1287 1321 29 27 gjs
1337 1318 123 25 Marinoni.

890 1356 83 19 Marx
990 1353 212 29 (Jacquos-Adrien)
1218 1353 32 30 [et
1272 1352 47 22 M–
1347 1355 43 20 née
1413 1353 98 32 Rinn],
1537 1352 57 23 villa

919 1382 178 23 Adrien-Marx.

892 1418 67 19 Max
973 1415 110 28 (Alfred),
1098 1416 78 22 chalet
1189 1416 188 29 Ruenos-Ayres.

890 1452 67 23 May
971 1449 45 27 (C"
1030 1449 47 27 de),
1094 1449 56 22 villa
1162 1448 63 30 May.

890 1482 100 27 Millot,
1005 1482 57 22 villa
1075 1482 146 30 Tranquille.

890 1536 194 27 .\eusclieller,
1100 1535 57 23 villa
1170 1535 79 24 Lucie.

891 1591 208 26 Petit-Bergonz
1116 1589 44 30 (M.)
1178 1590 32 29 [et
1224 1590 46 22 M""
1286 1592 44 21 née
1344 1590 182 30 Bonnafont),
1540 1590 54 26 villa

920 1619 144 30 Marguerite
1078 1621 15 20 à
1107 1619 53 22 Eze.

891 1673 163 30 Quincenet,
1070 1673 57 24 villa
1141 1673 136 29 Quincenet.

890 1730 149 27 Salisbury
1055 1729 43 28 (M"
1114 1729 46 28 de),
1182 1730 28 27 j&
1232 1729 131 30 Salisbury.

890 1764 88 22 Salles
993 1762 133 29 (Adolphe),
1137 1762 131 29 Ingénieur
1275 1763 32 28 (et
1316 1762 47 23 M™'
1372 1763 41 22 née
1426 1763 102 28 Eiffel),
1538 1762 57 23 villa

919 1792 75 23 Salles
1011 1791 33 30 [3
1061 1792 72 29 0-62].

890 1827 177 25 Samuelson,
1083 1824 57 23 villa
1154 1825 22 22 la
1190 1824 131 29 Montagne.

890 1861 110 23 Savoya
1011 1857 56 27 (M™'
1076 1856 112 31 Eugène),
1195 1859 42 21 née
1246 1859 133 26 Maurice,
1387 1857 55 23 villa
1452 1857 29 23 de
1490 1857 23 23 la
1524 1857 69 23 Plata.

891 1894 110 24 Savoye
1016 1890 100 27 (Henri),
1132 1892 75 21 même
1218 1889 103 25 adresse.

891 1925 319 25 Saxe-Cobourg-ôotha
1222 1923 34 28 (S.
1271 1923 29 23 A.
1310 1924 26 22 R.
1351 1924 23 22 le
1387 1924 36 22 P"
1434 1924 104 29 Auguste
1546 1923 38 29 de)

891 1959 131 21 Stendale
1037 1956 60 29 (M.),
1113 1956 55 22 villa
1186 1957 41 21 Les
1243 1956 107 23 Oliviers.

892 2017 116 21 Talleau
1023 2014 58 28 (M.),
1096 2014 56 23 villa
1165 2014 106 24 Isabelle.

891 2051 176 20 Thun-Solm
1081 2048 63 30 (C"),
1160 2048 91 23 villetta
1264 2048 69 27 Nora,
1348 2049 189 30 Petite-Afrique.

891 2083 108 22 Tolstoï
1012 2082 45 28 (C»
1071 2086 25 18 et
1110 2082 80 28 C1""),
1207 2082 56 22 villa
1278 2083 148 30 Roc-Fleury.

893 2143 124 25 Welser,
1033 2140 35 22 vil
1079 2140 23 22 la
1113 2140 94 22 Marteau.

892 2176 142 20 Wolfram
1049 2174 58 29 (M.),
1122 2174 57 22 villa
1193 2174 122 23 Wolfram.
