1749 2481
1117 89 164 42 Matignon
1297 90 74 41 (rue
1390 86 52 42 de)

311 98 185 41 Martignac
513 95 78 42 (cité
612 96 52 40 de)

287 193 262 33 MARTIGNAC
566 192 74 35 (cité
656 191 51 34 de)

185 256 54 21 VII»
250 256 53 20 Arr.
315 254 156 27 (Invalides).
484 254 26 27 <-
521 253 53 21 Rue
583 253 30 20 de
623 251 116 27 Grenelle,
750 251 30 20 111

313 299 111 21 Paroisse
464 295 217 24 Sainte-Cloiilde.

147 384 18 21 k
183 384 55 21 M»'
254 383 89 21 Michel
358 382 153 22 CORNUDET
566 382 116 26 Becquet.
767 377 92 28 [Lundi]

147 419 20 21 6
187 419 41 21 V"
249 421 24 19 et
293 419 73 21 V'»"«
392 417 171 22 D'AURELLE
592 422 32 14 DE
646 412 172 24 MONTMORIN

217 454 135 21 Talhouet.

190 490 38 21 C"
242 492 24 18 et
284 489 69 22 C"–
369 488 83 21 Hervé
471 486 33 22 de
520 486 100 22 KERRET
681 483 135 24 d'Aurelle
831 483 30 24 de

213 524 170 22 Montmorin.

189 560 42 20 MU
241 560 86 21 etM"«
339 566 32 14 DE
387 557 150 23 TALHOUET
587 557 38 22 La
640 555 147 23 Bouillerie.

151 601 10 19 7
190 600 68 21 C""«
270 606 32 14 DE
313 591 88 29 BRÉON
451 597 137 22 Certaines.
729 593 132 29 [Mercredi]

190 634 52 22 M'»
252 635 41 21 D"
305 641 32 15 DE
348 633 157 23 CERTAINES
552 631 93 27 Rougé.
728 628 133 29 [Mercredi]

191 670 53 21 M'»
255 676 33 15 DE
299 668 158 24 CERTAINES
506 667 116 23 Gautier.

191 705 42 21 yu
243 706 24 20 et
275 705 73 21 V'
358 704 109 21 Armand
477 709 32 16 DE
520 695 162 29 ROUGÉ:La
691 701 172 27 Ferronnays.

193 740 103 22 Général
307 739 37 23 C"
355 740 82 27 Roger
447 743 33 17 DE
490 736 233 25 SAINTE-CROIX.

154 780 18 23 8
190 780 54 23 M»»
258 780 64 22 Léon
338 778 204 23 DUVAUCHEL.

194 815 65 22 B°™«
271 821 32 15 DE
313 813 168 23 FRESNOYE
494 819 31 15 DE
535 811 106 23 FLERS.

194 850 68 23 Cet
277 850 68 22 C'
359 856 33 15 DE
407 848 142 22 SARRET:
566 848 39 21 La
615 848 94 27 Saigne
729 846 29 21 de
777 845 91 22 Saint-

221 886 104 28 George.

195 921 38 21 C"
248 921 90 21 Ernest
348 926 32 15 DE
391 919 134 22 SARRET.

143 962 26 20 12
197 961 37 21 C"
246 962 23 19 et
279 960 69 21 C'
369 958 98 22 Camille
478 965 32 14 DE
521 955 163 24 LAUBESPIN
732 955 137 22 Mareseot.

303 1104 263 29 MARTIGNAC
583 1104 68 34 (rue
666 1102 50 35 de)

181 1172 53 22 VII"
245 1172 53 22 Arr.
310 1170 144 28 (Invalides).
466 1170 36 28 •«-
512 1170 52 21 Rue
573 1168 225 28 Saint-Dominique,
807 1166 33 23 33.

311 1211 27 21 ->
349 1207 52 21 Rue
412 1206 29 21 de
452 1205 118 27 Grenelle,
584 1204 39 22 130
633 1206 23 19 et
664 1204 46 21 132.

331 1246 138 22 Paroisse:
477 1243 216 25 Sainte-Clotilde.

163 1349 17 22 5
197 1349 35 22 M.
252 1347 174 27 Louis-Joseph
442 1352 32 15 DE
489 1346 71 21 BAR.

152 1385 24 20 12
204 1383 38 22 C"
257 1385 22 18 et
290 1383 68 21 C1""
374 1382 109 21 Clément
494 1374 201 28 d'ASTANIÈRES
741 1378 96 27 Pange.

202 1418 69 21 Abbé
281 1416 139 23 GARDEY.

153 1454 25 22 16
205 1453 38 22 O
254 1453 101 26 Hugues
366 1458 33 14 DE
408 1450 230 22 MONTEYNARD.

203 1486 185 22 Mademoiselle
399 1485 90 21 Félicie
510 1491 33 15 DE
552 1482 229 24 MONTEYNARD.

154 1523 26 21 18
206 1522 38 22 C"
255 1524 23 20 et
288 1522 68 22 C"
367 1520 101 23 Charles
480 1526 32 15 Du
524 1518 85 23 LUART
655 1517 145 28 Montaigu.

206 1557 42 22 M"
263 1559 22 20 et
299 1556 53 22 Mi--
363 1562 33 16 DE
410 1554 182 23 MONTAIGU:
608 1552 13 24 V
634 1552 82 24 endel.
740 1552 139 28 [Vendredi]

206 1593 39 23 C"
255 1591 67 23 René
333 1598 33 16 DE
377 1590 175 23 MONTAIGU.

208 1628 38 23 C»
262 1626 36 24 de
316 1626 163 24 MONTAIGU.

156 1664 27 22 26
208 1664 72 22 V"–
291 1663 29 22 H.
333 1669 32 15 DE
377 1660 232 24 BEAUFRANCHET
665 1659 149 22 Tirnadeue.

208 1699 42 21 V"
266 1699 53 27 Guy
335 1704 32 15 DE
383 1696 265 22 BEAUFRANCHET.

210 1735 32 20 Le
254 1734 102 21 Général
368 1736 23 17 et
402 1733 51 20 M–
464 1731 152 22 DERROJA.
787 1728 95 28 [Lundi]

209 1769 31 20 M.
253 1771 23 18 et
290 1768 137 21 M–Louis
441 1766 124 26 QUESNEL
615 1766 94 27 Bange.

157 1805 27 20 28
212 1803 38 21 Cu
261 1805 23 18 et
294 1802 68 21 C1""
373 1802 28 21 A.
415 1808 32 14 DE
458 1793 88 29 VOGUÉ
595 1799 134 22 Contades.
749 1798 134 28 [Mercredi]

360 1936 236 29 MASSERAN
612 1935 81 34 (rue)

200 2002 54 22 VII"
265 2001 52 20 Arr.
330 1990 248 36 (École-Militaire).
589 2000 26 19 <-
624 1996 51 20 Rue
686 1995 64 21 Eblé.
760 1999 25 19 -+
796 1994 52 21 Rue

431 2032 30 21 de
476 2032 98 25 Sèvres,
585 2031 34 21 90.

292 2073 108 22 Paroisse
436 2069 323 28 Saint-François-Xavier.

176 2169 13 22 5
216 2167 51 22 M»"
278 2165 26 22 L.
316 2170 33 16 DE
359 2162 103 26 CLERCQ
508 2162 154 24 Monlmort.
793 2161 95 28 [Mardi]

163 2205 23 21 U
216 2202 38 22 C"
265 2197 520 27 etC'"KariDEBEAUMONT:Boi»jeJtn.
795 2196 93 28 [Mardi]

217 2238 38 21 C"
266 2239 23 18 et
299 2236 68 21 C1»'"
378 2235 29 20 A.
420 2239 31 16 DE
462 2232 148 23 BOISGELIN
657 2232 95 27 Clereq.
794 2232 94 27 [Mardi]

217 2272 38 22 C'«
266 2271 109 27 Georges
386 2276 32 15 DE
429 2268 161 27 BOISGELIN.

1064 186 257 27 MATHURINS
1337 184 68 34 (rue
1421 182 68 34 des)

914 252 65 22 VIII»
986 252 55 21 Arr.
1050 251 170 27 (Madeleine)
1235 251 62 27 –IX'
1308 246 54 29 Arr.
1375 246 260 29 (Ckaussée-d'Antin).

951 291 27 19 ̃O-
987 287 54 21 Rue
1051 287 92 25 Scribe,
1153 287 66 21 17-19.
1229 290 26 19 ->
1266 285 66 22 Boul.
1344 283 172 25 Malesherbes,
1526 282 72 22 30-32.

914 336 123 21 Paroisses
1075 334 239 23 Sainte-Madeleine
1323 335 18 25 (1
1349 334 11 26 à
1371 334 34 26 45;
1417 334 26 20 53
1451 333 17 20 à
1476 332 24 26 la
1512 332 36 26 fin
1556 333 24 19 et
1590 331 26 21 58
1623 331 17 20 à

1001 371 98 27 lajln).
1113 371 14 27 –
1138 369 276 23 Saint-Louis-d'Antin
1425 368 19 26 (2
1454 367 17 21 à
1480 368 42 25 46).-

1046 405 217 28 Saint-Augustin
1274 406 31 25 (47
1316 404 16 21 à
1342 405 22 21 51
1375 405 22 21 et
1407 404 26 20 48
1442 403 17 21 à
1468 403 42 26 56).

928 496 15 29 3
958 496 31 29 M.
1004 496 79 29 Emile
1099 502 111 21 PARAF.

916 539 25 21 25
970 539 30 21 W
1015 539 21 21 J.
1054 533 137 26 RIVIÈRE.

916 574 26 21 34
969 573 32 21 M.
1012 576 24 18 et
1047 573 50 20 M–
1106 573 134 21 Guillaume
1248 571 96 21 BEER:
1358 569 184 23 Goldschmidt.
1551 568 92 27 [Merc.]

970 608 32 21 M.
1012 608 69 21 Jules
1091 608 90 20 BEER.

917 644 25 21 37
970 643 54 21 M'"
1035 649 32 15 DE
1078 641 259 22 FORBIN-JANSON.

918 680 24 20 47
971 679 33 21 M.
1015 681 25 18 et
1049 678 52 20 M»»
1117 677 180 21 Louis-Gaston
1312 675 109 22 PAMART
1473 674 83 22 Carré
1579 674 29 26 [î'
1624 676 22 18 et

1515 711 23 20 4«
1553 708 92 27 Jeudis]

919 749 26 22 49
971 748 32 23 M.
1016 748 133 22 Guillaume
1160 747 136 22 HUGUES.

973 784 38 22 C"
1022 783 74 22 Henri
1107 789 32 15 DE
1149 780 388 24 LAMBERTYE-TORNIELLE.

920 820 26 21 62
973 819 32 21 M.
1021 820 25 20 et
1060 818 51 21 M»»
1123 818 57 21 Paul
1193 816 156 23 LANGLOIS
1369 822 32 15 DE
1416 815 168 22 NEUVILLE.

921 855 26 21 64
973 853 53 22 M"
1038 853 58 22 Paul
1107 851 188 23 BACHELIER.
1532 849 116 29 [Samedi]

974 888 33 22 M.
1019 891 24 19 et
1052 888 51 22 M»"
1114 888 67 21 René
1193 887 187 22 BACHELIER.

976 925 44 21 B™
1030 930 33 15 DE
1074 922 242 23 MONTRICHARD.

976 960 32 21 D'
1023 959 106 27 Georges
1145 957 178 22 THIBIERGE.

924 996 25 20 tiG
976 994 52 22 M™
1039 995 28 20 A.
1079 1000 34 15 Du
1128 993 154 21 FRESNAY.

1067 1130 229 28 MATIGNON
1313 1128 133 36 (avenue
1462 1128 52 34 de)

989 1197 65 21 VIII'
1065 1197 54 20 Arr.
1131 1196 151 26 (Madeleine
1292 1197 24 19 et
1325 1194 232 27 Faab.-du.-Rou.le).
1569 1194 25 27 4r-

950 1233 101 22 Avenue
1062 1232 43 21 des
1116 1224 223 34 Champs-Elysées.
1349 1231 19 20 2.
1378 1235 25 18 ->
1419 1230 51 21 Rue
1480 1230 122 27 Rabelais,
1613 1231 19 20 1.

1048 1275 137 22 Paroisse:
1194 1274 343 28 Saint-Philippe-du-Roule.

944 1369 17 21 2
978 1369 35 21 M.
1032 1371 24 19 et
1070 1368 51 22 M""
1136 1368 82 26 Henry
1233 1360 90 29 VERGÉ
1377 1366 192 22 Rodocanachi.

944 1403 17 22 i
978 1403 35 22 P»
1030 1403 35 22 de
1078 1395 157 29 BÉTHUNE.

944 1438 20 23 5
984 1438 41 23 M"
1038 1444 33 15 DE
1082 1437 199 23 SAINT-PAUL.

945 1473 20 22 6
985 1473 41 22 V"
1038 1476 23 19 et
1071 1472 72 22 V1""
1159 1478 31 15 DE
1205 1471 120 23 GUICHEN
1374 1471 187 23 Loueencourt.

932 1511 24 20 11
985 1509 32 22 M.
1029 1511 23 19 et
1062 1508 52 21 M»«
1124 1507 106 22 Amédée
1242 1507 120 22 PRINCE.

985 1544 32 22 M.
1029 1546 24 19 et
1064 1544 50 20 M«»
1125 1543 101 22 Charles
1237 1543 109 22 SAVOYE
1402 1543 106 21 Villars.

986 1580 31 20 M.
1034 1583 23 19 et
1069 1579 51 20 M»"
1135 1578 65 22 Léon
1212 1578 106 21 SAVOYE
1370 1578 102 24 Kiéner,

934 1616 27 21 15
987 1615 52 21 M""
1048 1614 87 21 Michel
1144 1613 148 22 COGNIET:
1303 1613 96 22 Colmet
1407 1613 29 21 de
1443 1613 131 22 Santerre.
1585 1612 77 27 [Lun.J

987 1650 33 21 M.
1036 1649 91 22 Marcel
1143 1649 145 21 COGNIET.

989 1685 31 21 M.
1032 1688 24 18 et
1071 1685 51 20 M-»
1137 1684 63 22 C.-E.
1217 1684 157 21 DEMONTS.

988 1721 33 20 Le
1042 1720 39 21 G"
1100 1720 42 20 B«
1162 1726 33 13 nE
1213 1718 105 22 SANCY
1329 1725 32 14 DE
1372 1717 159 21 ROLLAND.

1114 1849 231 27 MATIGNON
1360 1849 69 34 (rue
1444 1848 50 35 de)

996 1910 66 21 VIII.
1072 1910 53 21 Arr.
1137 1909 169 27 (Madeleine).
1318 1909 26 22 ♦-
1357 1909 39 22 Av.
1408 1909 29 21 de
1447 1909 131 26 Matignon,
1589 1909 19 21 6.

1108 1948 25 20 ->
1144 1944 53 22 Rue
1206 1944 30 21 de
1246 1943 149 27 Penthièvre,
1405 1945 11 21 1
1427 1945 22 21 et
1459 1944 32 22 33.

941 1988 122 22 Paroisses
1102 1988 203 27 Saint-Philippe
1315 1987 41 22 dit
1369 1987 68 22 Houle
1450 1987 123 28 (Impairs
1584 1989 22 19 et
1617 1987 30 21 de

1073 2023 11 26 à
1095 2023 46 26 28).
1189 2023 216 28 Saint-Augustin
1416 2024 35 26 (30
1460 2024 18 22 à
1486 2023 57 26 fin.)

1485 2087 6 14 r

955 2124 14 22 8
997 2124 25 22 S.
1033 2124 29 21 A.
1075 2124 27 21 R.
1116 2124 50 21 M""
1176 2124 24 21 la
1208 2124 68 22 C'
1287 2130 32 16 DE
1331 2124 81 22 BARI.
1528 2124 141 27 [Vendredi]

997 2159 39 22 C"
1051 2165 34 16 DE
1099 2159 82 21 BARI.

943 2196 27 21 10
997 2195 52 20 M«»
1065 2201 32 14 DE
1111 2194 231 22 BEAUMARCHAIS
1407 2195 162 28 Ktcheverry.

998 2230 30 21 M.
1041 2233 23 18 et
1078 2230 51 20 M–
1144 2230 106 21 Maurice
1261 2236 32 15 DE
1305 2230 228 22 BEAUMARCHAIS
1591 2230 80 27 Lacje-

1024 2265 79 21 louze.
