1749 2481
707 85 351 32 ALPES-MARITIMES

1221 85 87 31 NICE

456 86 89 31 NICE

141 184 98 26 Sturge
255 182 38 28 (D'
307 181 49 29 A.),
366 179 36 28 29,
413 180 132 23 boulevard
554 180 160 29 Dubouchage
730 179 32 31 [2
777 178 74 31 4.98].

141 220 119 25 Surville
274 220 67 30 (B""),
357 218 57 24 villa
426 219 45 23 Les
485 218 112 24 Lauriers
613 218 82 28 Roses,
711 225 38 16 av.
763 217 81 24 Auber

141 263 110 20 Swarte
272 259 36 30 (V.
333 255 46 33 de),
406 258 125 24 Trésorier
550 257 100 31 général
674 256 33 32 [et
729 257 57 28 M"1",
810 258 45 22 née

172 296 349 31 Ca'Jeau-Hassebroueq],
540 296 56 23 villa
613 295 125 29 Bell'Aria,
763 303 91 16 avenue

173 337 195 23 Saint-Laurent.

144 376 267 29 Synnott-Osmund,
424 377 39 27 53,
477 382 42 17 rue
533 375 29 24 de
577 375 23 24 la
613 374 64 24 Paix.

143 486 97 28 Tagan
255 485 40 30 (M.
309 488 24 19 et
345 485 67 29 M"11),
433 484 113 22 ancienne
559 487 68 19 route
641 483 29 23 de
684 482 170 28 Villefranche,

172 525 58 22 villa
243 523 69 31 Emy.

144 564 151 27 Targhetta
305 561 39 29 (Dr
358 565 22 19 et
394 561 66 29 M-"),
476 562 36 28 10,
521 568 42 16 rue
572 562 31 22 de
611 560 84 24 l'Hôtel
706 560 42 24 des
761 560 93 28 Postes,

145 603 83 22 Taxil
243 601 56 30 (Dr)i
314 602 23 27 0,
352 607 41 16 rue
408 600 84 23 Dante.

143 642 153 26 Tchaplitz,
313 639 58 24 villa
385 639 150 28 Montboron,
550 638 94 24 chemin
659 638 30 23 de
703 637 151 24 Montboron.

144 679 187 23 Tehatchkoff
345 678 56 29 (M««
417 678 28 23 A.
463 677 47 30 de),
526 678 86 28 26,rue
630 676 29 25 de
674 677 76 24 Paris.

143 720 99 21 Thaon
258 719 33 21 de
309 719 85 21 Revel
409 716 63 31 (C»),
489 716 89 24 Consul
588 717 99 29 général
700 716 21 27 et
731 716 73 27 Italie,
819 716 36 27 11,

173 757 67 29 place
254 756 105 23 Cassini.

145 806 129 21 Thibaud
299 802 57 32 (A.),
377 804 59 29 Juge
463 810 31 17 au
518 802 118 24 Tribunal
661 802 68 29 civil,
753 803 37 28 i8,
815 808 43 17 rue

175 838 127 25 Gioffredo.

146 878 105 28 Thléry
266 877 90 29 (René),
364 876 97 29 Avocat,
470 878 23 26 3,
504 884 42 16 rue
560 876 108 24 Garnier.

145 917 106 28 Thiézy
268 918 32 21 de
315 917 220 27 Ville-d'Avray
552 915 67 30 (B°»),
630 917 38 27 "0,
679 921 90 17 avenue
782 914 77 24 Borri-

174 950 87 30 glione.

145 995 119 27 Tiranty
275 993 56 30 (M™"
346 992 48 31 H.),
408 992 58 24 villa
480 993 34 23 les
528 991 150 30 Caroubiers,
692 994 20 27 1,
725 999 91 17 avenue
829 991 30 24 de

175 1029 23 23 la
211 1028 69 24 Gare.

145 1069 99 22 Tixier
259 1067 57 29 (D'),
330 1068 38 27 29,
384 1074 88 16 avenue
486 1066 29 23 de
530 1067 23 22 la
567 1066 68 24 Gare.

145 1107 115 27 Torelli,
275 1112 89 16 avenue
378 1105 103 29 Béatrix,
496 1106 56 22 villa
566 1105 96 24 Torelli.

146 1146 111 22 Torrini
273 1144 53 30 (M1U
340 1144 121 24 Henriette
475 1143 47 31 de),
537 1146 36 27 17,
588 1144 130 23 boulevard
727 1144 28 23 de
763 1143 97 31 l'impé-

176 1179 240 23 ratrice-de-Russie.

147 1220 277 22 Toulouse-Lautrec
448 1218 73 30 (C'
535 1218 46 29 de),
596 1219 37 26 63,
651 1217 145 31 promenade
821 1217 41 24 des

177 1253 107 30 Anglais.

148 1294 117 21 Tourtel
278 1291 93 29 (Jules),
386 1292 139 28 Inspecteur
537 1292 99 29 général
657 1292 42 23 des
721 1292 94 28 Foréts,
839 1293 23 27 2,

179 1333 42 16 rue
234 1325 125 31 Valperga.

147 1367 121 21 Travers
283 1363 76 30 (M™"),
378 1364 90 23 chemin
491 1364 30 23 de
539 1363 243 30 Saint-Barthélémy,
807 1364 56 23 villa

179 1398 123 24 Tourrelle
316 1398 30 23 de
359 1398 83 30 Barty.

147 1437 168 23 Tribaudini
330 1437 38 29 (Dr
384 1437 112 30 Eugène),
512 1439 22 26 7,
549 1444 89 16 avenue
653 1436 122 24 Beaulieu.

149 1476 73 23 Tùrr
235 1476 116 28 (Général
363 1475 119 30 Etienne),
497 1475 27 23 0.
540 1476 35 28 #,
599 1477 22 27 7,
636 1483 43 16 rue
694 1475 29 23 de
737 1476 97 23 France.

149 1516 95 22 Twiss
261 1514 41 29 (Le
318 1514 122 28 Général),
450 1516 28 27 j&
501 1514 119 28 Beaulieu,
636 1521 91 18 avenue
740 1515 125 23 Beaulieu.

152 1596 99 24 l'berti
264 1595 103 29 (Louis),
379 1599 22 24 7,
417 1602 42 17 rue
473 1596 94 23 Delille.

154 1644 110 26 Usquin
279 1642 37 30 (M.
333 1646 24 19 et
377 1643 65 29 M»«),
471 1643 27 23 0.
576 1644 89 24 Consul
688 1644 32 24 dit
743 1644 124 30 Mexique,

189 1684 91 16 avenue
291 1677 80 30 Verdi,
389 1677 56 23 villa
461 1677 42 24 des
516 1678 124 30 Orangers.

160 1768 160 23 Valbranca
335 1768 63 29 (C"),
413 1768 57 24 villa
484 1768 142 28 Valbranca,
641 1770 148 22 Montboron.

161 1807 155 22 Valdrome
331 1806 56 30 (M™
399 1807 46 29 de),
463 1807 58 24 villa
535 1808 97 30 Royale,
657 1810 22 26 5,
695 1815 43 16 rue
748 1808 124 30 Alphonse

191 1840 73 23 Karr.-

161 1880 112 22 Vallier
285 1878 46 30 (O
345 1883 23 19 et
382 1880 63 23 C'
460 1881 46 29 de),
522 1882 23 27 2,
561 1888 41 16 rne
616 1880 29 25 de
659 1881 34 23 La
710 1881 65 23 Paix.

161 1918 131 23 Vanauld
308 1918 181 29 (Commandant
503 1919 44 30 F.),
564 1921 36 28 16,
614 1927 43 16 rue
678 1918 172 25 Penchienatti.

161 1959 59 21 Van
235 1956 48 24 der
298 1957 90 24 Meere
407 1957 61 30 (C"),
484 1959 37 26 27,
539 1965 42 17 rue
597 1958 30 24 de
638 1959 23 23 la
675 1959 76 23 Bnffa.

162 1997 120 21 Vautier
295 1996 150 29 (Théodore),
462 1997 60 28 villa
534 1997 72 28 Flora,
621 1997 89 24 Cimiez
727 1998 115 30 [11.58].

161 2036 155 22 Venanson
331 2034 44 30 ((!'•
389 2040 23 19 et
426 2036 62 23 C1-1"
504 2035 115 32 lîellide),
632 2038 21 27 1,
665 2036 64 31 place
741 2036 129 31 Garibaldi.

162 2075 93 20 Vence
276 2072 60 29 (M"*
362 2073 47 31 de),
431 2075 56 23 villa
511 2075 30 23 de
564 2075 84 29 Vence,
670 2082 88 17 avenue
772 2076 105 31 Lympia

191 2103 34 30 [35
243 2103 73 29 3.96],
836 2090 14 17 V

162 2142 105 22 Vérani
282 2141 75 31 (M™"),
371 2144 23 28 6,
412 2143 63 24 boul.
492 2144 30 24 de
536 2144 308 31 l'Impératrice-de-Russie.

161 2180 228 25 Verani-Massin
405 2182 37 32 (B–
454 2182 37 32 •),
509 2191 20 16 r.
545 2183 145 31 Meyerbeer,
705 2184 57 23 villa
773 2184 102 24 Veraui-

190 2210 95 24 Alussin.

906 180 156 22 Vercherin
1086 178 36 30 (M.
1146 182 24 19 et
1190 178 67 31 M1"),
1284 179 155 24 Vice-Consul
1459 180 29 22 de
1513 179 105 28 Bolivie,

936 214 36 26 15,
988 213 142 31 promenade
1144 212 41 24 des
1199 213 107 31 Anglais.

906 252 147 24 Vermorel
1079 253 105 29 (Victor),
1213 252 94 23 chemin
1334 252 29 23 de
1390 252 143 30 Montboron,
1547 252 71 30 villa

936 287 122 23 Vermorel
1075 287 34 30 [Tk
1128 288 73 29 7.35].

906 326 189 30 Verniajoux,
1109 334 42 16 rue
1165 325 41 24 des
1221 325 73 30 Lilas,
1309 326 59 23 villa
1381 326 45 23 Les
1440 326 126 31 Orangers.

907 367 99 26 Verny
1019 364 37 30 (M.
1074 369 24 19 et
1112 365 66 30 M"*),
1191 366 37 27 29,
1244 364 145 32 promenade
1403 365 42 23 des
1458 365 105 31 Anglais.

907 405 146 22 Veronnet
1067 404 56 30 (A.),
1140 405 37 27 22,
1192 411 42 16 rue
1248 403 123 24 Adélaïde.

906 443 105 22 Vesins
1030 443 44 28 (C"
1090 442 37 30 de)
1149 442 32 32 [et
1200 443 63 23 »̃'•
1281 444 44 23 née
1343 442 29 24 de
1390 445 38 20 La
1448 442 173 31 Mazelière],

937 476 57 24 villa
1007 477 92 29 Michel,
1115 479 37 27 33,
1167 477 130 24 boulevard
1317 477 137 25 Carabacel.

908 518 176 21 Vidal-Soler
1112 516 37 31 (M.
1165 521 24 18 et
1201 516 57 31 M"")
1275 516 52 31 [née
1342 516 28 23 de
1386 516 95 31 Costa],
1494 516 40 31 33,
1555 516 66 24 boul.

937 550 177 31 Victor-Hugo.

908 590 98 27 Vigier
1029 589 74 30 (V4""
1121 590 59 29 D"),
1208 590 42 23 née
1273 590 138 29 Cruvelli,
1434 589 130 24 boulevard
1592 589 31 23 de

937 624 321 30 l'Impératrice-de-Russie,
1272 624 58 23 villa
1339 624 89 30 Vigier,

908 664 99 27 Vigier
1020 662 48 30 (V"
1083 663 70 31 René)
1171 662 33 33 [et
1218 662 65 23 V1–'
1304 665 43 21 née
1364 665 111 22 Double
1491 662 28 25 de
1530 664 92 23 Saint-

939 701 148 32 Lambert],
1102 702 77 23 même
1191 701 104 24 adresse.

909 741 107 27 Vignes
1032 740 38 29 (h'
1084 739 47 31 G.),
1145 741 23 28 5,
1183 748 91 15 avenue
1288 740 106 23 Durante
1411 739 34 31 [7.
1462 740 72 31 1.94].

908 779 171 24 Villabianca
1090 779 44 28 (Mu
1148 779 49 30 de),
1211 780 37 27 63,
1264 779 131 23 boulevard
1411 779 134 23 Gambetta.

910 819 112 23 Villard
1037 818 117 30 (Claude),
1170 819 57 23 villa
1244 818 137 31 Joséphine,
1401 819 66 23 boul.
1490 818 31 24 du
1538 818 86 24 Czare-

940 848 80 24 witch.

911 889 130 26 Villarey
1057 887 57 31 (de),
1129 889 22 27 7,
1167 895 44 15 rue
1224 886 30 24 de
1268 887 24 23 la
1306 887 121 23 Terrasse.

911 928 77 22 Ville
1004 926 55 30 (M™
1075 926 121 31 Georges),
1214 927 36 27 19,
1266 933 42 16 rue
1324 927 77 22 Barla.

911 966 171 23 Villeneuve
1101 965 150 24 d'Esclevin
1278 964 72 30 (C'
1364 964 29 24 M.
1410 964 47 31 de),
1476 966 38 27 29,
1529 971 96 23 prome-

942 1003 54 32 nade
1009 1003 40 32 des
1062 1003 108 32 Anglais,

912 1045 116 21 Villette
1043 1043 71 30 (B"»"
1128 1042 37 30 de)
1181 1043 54 30 [née
1249 1042 30 24 de
1293 1042 95 32 Patek],
1401 1042 27 32 1,
1441 1042 41 32 rue
1495 1042 27 32 de
1540 1042 86 24 l'Hôtel

943 1081 42 24 des
1001 1081 92 24 Postes.

913 1121 142 22 Villicitat
1069 1119 81 30 (Denis
1163 1119 49 31 de),
1225 1121 24 28 7,
1266 1127 43 16 rue
1322 1119 125 24 Adélaïde.

914 1161 179 26 Villoutreys
1107 1159 47 30 (V"
1168 1162 23 19 et
1201 1159 66 21 V""
1281 1159 48 30 de),
1349 1159 59 23 villa
1424 1159 100 28 Bounin,
1543 1160 23 26 3,
1585 1166 45 15 rue

945 1198 41 24 des
998 1198 127 23 Pavillons.

914 1239 126 22 Vincens
1055 1237 39 29 (Dr
1107 1237 63 29 Th.),
1184 1238 22 27 8,
1223 1244 44 16 rue
1281 1236 29 25 de
1321 1236 242 25 l'Hôtel-des-Postes.

915 1278 122 22 Vincent
1052 1275 74 32 (Mm>),
1140 1276 130 24 boulevard
1285 1275 96 31 Carnot,
1395 1275 61 24 villa
1468 1275 24 24 La
1508 1276 121 25 Roseraie.

916 1317 112 26 Vindry
1043 1314 57 31 (V.),
1110 1322 89 16 avenue
1212 1315 88 28 Auber,
1315 1315 59 23 villa
1387 1315 102 31 Vindry.

917 1355 118 26 Virello,
1051 1354 138 29 Ingénieur,
1204 1355 38 29 33,
1258 1361 90 16 avenue
1361 1354 30 23 de
1404 1354 165 23 Notre-Dame.

917 1394 115 27 Vogade
1049 1392 38 30 (M.
1102 1396 24 19 et
1139 1391 48 23 M»»
1204 1392 45 30 F.),
1265 1392 60 30 Juge
1338 1399 32 17 au
1388 1393 117 24 Tribunal
1519 1393 29 23 de
1567 1393 65 23 Com-

947 1433 85 22 merce,
1048 1433 43 17 rue
1105 1427 117 28 Michelet,
1239 1427 57 23 villa
1309 1428 76 23 Irène.

919 1468 120 21 Volmar
1053 1465 48 31 (V),
1116 1465 127 24 boulevard
1258 1466 29 23 de
1301 1465 99 31 Cimiez,
1415 1466 59 26 villa
1489 1465 96 25 Jeanne.

920 1576 168 27 Wacongne
1102 1574 56 30 (L.),
1174 1574 58 23 villa
1245 1575 138 30 Cyclamen,
1398 1576 65 23 boul.
1480 1575 97 24 Carnot.

921 1616 137 27 Waisser,
1075 1614 36 29 16,
1127 1620 41 16 rue
1183 1614 30 23 du
1229 1614 113 30 Congrès,
1354 1614 59 24 villa
1419 1613 182 25 Jeanne-Marie.

921 1654 111 21 Walter
1048 1652 38 29 (Dr
1099 1651 59 30 W.),
1172 1651 57 23 villa
1244 1652 61 24 Beau
1321 1652 91 31 Séjour,
1422 1659 89 17 avenue
1520 1652 81 23 Verdi.

923 1692 180 26 waresquiet
1133 1690 44 27 (V'«
1191 1690 48 30 de),
1254 1691 65 24 hôtel
1347 1690 32 24 du
1394 1689 149 25 Tzarewitch
1562 1690 75 31 [Parc

952 1729 132 31 Impérial].

923 1771 95 21 Weiss
1035 1769 127 31 (Georges),
1175 1770 26 22 0.
1216 1770 29 22 A.
1259 1770 41 29 i},
1310 1769 78 30 palais
1402 1768 137 27 Cronstadt,
1555 1770 22 27 8,
1593 1774 43 18 rue

954 1806 136 25 Kronstadt.

925 1847 154 28 Wenning,
1095 1847 62 27 villa
1169 1847 112 27 Kléonore,
1299 1846 66 23 boul.
1382 1845 221 25 Prince-de-Galles.

925 1886 180 21 Westerman
1121 1884 53 30 (F.),
1192 1884 55 23 villa
1262 1885 166 31 Beau-Séjour,
1444 1893 37 16 av.
1495 1884 79 25 Verdi.

926 1924 137 28 Whalley
1079 1922 96 31 (Lady),
1189 1922 56 24 villa
1259 1923 70 29 Rosa,
1346 1931 39 16 av.
1401 1923 43 24 des
1457 1924 92 23 Fleurs.

926 1962 123 28 Wilson,
1064 1961 94 30 Député
1175 1962 105 29 anglais,
1306 1962 56 24 villa
1381 1962 103 29 Wilson,
1513 1965 69 21 route
1605 1961 30 24 de

958 1995 95 25 France.

927 2036 84 21 Wine
1029 2034 73 30 (M™*),
1125 2034 75 31 palais
1215 2035 167 31 Victor-Hugo,
1407 2037 37 27 17,
1459 2036 67 23 boul.
1541 2035 97 23 Victor-

958 2068 73 30 Hugo.

928 2108 121 26 Winter,
1070 2108 143 29 promenade
1235 2109 42 23 des
1297 2109 98 32 Anglais
1422 2108 137 31 prolongée,
1581 2107 58 23 villa

958 2135 109 25 Maurice.

928 2176 130 22 Witlock
1074 2176 69 31 (W.),
1154 2176 76 32 palais
1246 2177 206 31 Saint-Philippe,
1469 2184 85 25 square
1569 2176 69 24 Gam-

959 2214 75 23 betta.
