1749 2481
1107 127 163 40 Dufrénoy
1285 124 86 42 (rue)

258 130 339 32 Desbordes-Valmore
616 130 85 41 (rue)

208 223 460 25 DESBORDES-VALMORE
683 222 77 33 (rue)

198 280 65 20 XVI»
271 280 51 20 Arr.
335 280 118 26 (Muette).
463 283 26 19 «-
499 280 51 20 Rue
560 280 95 26 Latour,
666 280 24 21 75
699 282 23 18 et
731 280 30 19 77.

248 317 107 20 Paroisse
394 317 187 20 Annonciation
590 317 29 20 de
628 317 87 26 Passy.

149 400 22 20 7
193 400 44 20 M–
246 400 71 20 Louis
326 399 37 21 LE
374 400 161 20 COUTEULX
551 406 31 14 DE
600 399 128 22 CAUMONT
779 399 56 21 Mo-

212 434 61 20 nier.

150 466 17 21 9
184 466 34 21 M.
229 469 22 18 et
261 466 48 21 M°"
319 466 72 21 Emile
402 466 114 22 LANDAIS
561 466 135 26 Chapelles.
706 465 129 26 [Mercredi]

139 501 22 18 17
188 500 30 19 M.
230 502 21 17 et
261 499 48 20 M»«
320 493 71 26 Emile
403 500 126 20 OLLIVIER
574 499 107 21 Gracier
689 498 29 21 de
728 499 107 26 Suffren.

691 531 144 28 [Dimanche]

139 566 25 21 23
188 566 32 21 M.
230 565 22 22 et
263 565 45 22 M«*>
321 565 96 21 Etienne
427 572 31 14 DE
471 565 78 21 PLACE
592 566 107 20 Bouton.

189 599 30 20 M.
234 602 23 17 et
266 599 49 20 M«"
332 599 70 20 Henri
421 604 31 14 DE
467 599 80 20 PLACE
591 599 28 20 de
637 597 162 22 Chadenèdes.

526 631 102 27 [Lundis,
643 631 46 21 sauf
700 631 23 21 le
740 630 96 26 dernier]

139 664 25 22 27
190 665 65 21 C*
270 664 110 22 d'URSEL
429 665 270 22 Clermont-Tonnerre.

139 699 27 20 40
191 699 99 20 Général
304 700 21 18 et
335 698 50 20 M»»
401 698 62 20 Léon
478 698 148 21 CHAMBERT
678 698 95 20 Morin.

748 730 90 26 [Lundi]

291 836 298 26 DESRENAUDES
616 837 79 31 (rue)

229 884 73 22 XVII"
316 885 51 21 Arr.
380 889 25 19 -e
422 885 65 21 Bout.
506 886 28 20 de
553 885 142 25 Courcelles,
716 886 39 20 114

386 924 25 17 -»
422 920 49 19 Rue
480 920 126 26 Fourerny.

144 1008 24 20 14
198 1008 35 19 P"
248 1008 22 18 et
289 1007 66 20 P«"«
371 1007 97 21 Charles
478 1012 32 15 DE
530 1007 156 20 BOURBON.
707 1006 134 26 [Dimanche

603 1040 57 20 sauf
672 1040 59 20 lai"
742 1039 28 21 de
780 1040 12 19 4
799 1039 13 20 à
822 1039 18 25 7)

199 1074 41 20 g.»
254 1076 23 18 et
295 1074 63 19 B™»«
372 1073 32 22 M.
423 1079 31 14 DE
477 1073 209 20 GRANDCOURT
698 1071 143 27 [Dimanche,

590 1106 55 20 sauf
652 1106 21 19 le
687 1107 39 24 1",
741 1106 24 20 de
777 1106 12 20 4
801 1106 12 20 à
823 1106 18 24 7]

145 1141 25 21 28
195 1141 30 20 M.
237 1143 22 18 et
268 1140 49 21 M»"
332 1140 63 20 René
406 1139 109 22 COURT.

145 1175 25 20 32
179 1174 35 20 bis
224 1174 31 20 M.
270 1174 70 20 Henri
350 1173 193 20 MATHONNET
553 1178 31 15 DE
593 1171 249 21 SAINT-GEORGES.

295 1289 183 25 DIDEROT
505 1287 194 32 (boulevard)

276 1337 51 21 XII"
346 1338 50 20 Arr.
424 1341 25 18 «-
464 1337 58 25 Quai
533 1337 28 20 de
575 1337 23 20 la
608 1337 70 25 Râpé,
688 1337 25 21 90

335 1374 26 19 -f
374 1371 72 20 Place
460 1371 27 19 de
497 1371 21 19 la
531 1371 93 25 Nation,
638 1372 19 18 4.

150 1452 22 19 11
200 1450 30 20 M.
249 1453 22 17 et
291 1450 47 20 M–
362 1450 112 23 François
498 1449 141 21 ROUMAIN
662 1455 32 14 mi
716 1449 39 20 LA
774 1448 75 22 TOU-

225 1483 43 20 CHE
310 1483 95 20 Girard
419 1483 28 19 de
462 1482 102 20 Vasson.
758 1482 88 25 [Lundi]

252 1585 409 27 DOCTEUR-BLANCHE
674 1585 79 33 (rue)

179 1640 63 22 XVI*
251 1640 50 21 Arr.
313 1640 118 26 (Muette).
442 1643 24 19 <-
475 1639 50 21 Rue
536 1639 28 21 de
573 1639 171 27 l'Assomption,
755 1639 69 21 83-85.

154 1722 25 20 19
204 1720 31 21 M.
245 1723 23 17 et
277 1720 48 20 M»«
335 1720 56 20 J.-E.
403 1719 121 21 BLANCHE
571 1719 193 21 John-I.emoine.

153 1754 25 20 27
205 1753 30 21 M.
251 1756 22 18 et
286 1753 49 21 M°"
348 1753 63 21 Jules
425 1749 140 24 KARPELÈS
612 1751 139 28 Pnilipson.

373 1857 115 25 DOME
503 1857 65 32 (rue
583 1856 52 32 du)

195 1910 63 20 XVI'
267 1910 51 20 Arr.
330 1908 138 26 (Chaillot).
479 1912 24 18 «-
513 1908 49 20 Rue
573 1908 28 20 de
611 1907 128 23 Lauriston,
750 1908 65 21 24-26.

364 1944 97 17 Avenue
473 1941 163 25 Victor-Hugo,
647 1941 31 20 27.

337 1973 108 21 Paroisse
479 1973 193 21 Saint-Honoré.

172 2056 9 17 1
209 2054 64 19 B-–
287 2058 31 15 DE
333 2052 130 21 KLENCK.

209 2087 31 20 M.
251 2089 21 17 et
282 2086 50 20 M»«
342 2086 103 21 Maurice
456 2091 30 15 DE
497 2086 38 20 LA
545 2081 170 25 GIRAUDIÈRE
762 2087 93 21 Vétine-

236 2120 90 21 Larue.

172 2155 13 19 3
210 2154 37 21 C"
261 2157 22 16 et
297 2153 66 20 C'
377 2152 25 21 E.
418 2158 31 14 DE
463 2152 302 22 KREUZNACH-BOHRER
818 2154 38 21 La

234 2186 143 22 Rouillière.

1144 217 58 30 dôme
1216 217 102 30 (tuite)

896 275 13 20 3
936 274 35 20 O
985 277 23 18 et
1018 274 64 20 O">
1091 272 103 22 Armand
1205 267 107 26 HARDY
1322 276 31 14 DE
1361 262 85 28 PÉRINI
1484 266 96 21 Leusse.

960 308 84 26 (p.-à-t.)
1469 298 112 27 [Samedi]

936 341 29 21 M.
977 344 22 18 et
1008 341 49 21 M™
1066 341 28 20 A.
1109 338 110 23 SIMONIN
1268 333 288 26 Outhenin-Chalandre.

1448 365 133 28 [Vendredi]

937 407 30 21 M.
979 410 23 18 et
1012 407 48 20 M""
1075 406 72 22 Lucio
1161 405 103 23 SUTTOR
1313 405 75 20 Sanz.

937 441 18 21 O
973 441 72 21 Jean
1059 447 31 14 DE
1104 441 39 20 LA
1156 436 201 25 JOURDGNNIE.

937 475 36 20 Ct.
988 476 22 19 et
1021 475 65 20 c1""
1100 479 31 14 DE
1140 473 38 20 LA
1188 469 174 23 JOURDONNIE
1407 465 139 27 Piquemal.

898 509 14 19 5
937 506 50 21 M-
998 512 33 15 de
1040 505 116 22 BILIOTTI
1197 504 116 21 Arbelles.
1451 498 133 28 [Mercredi]

937 540 42 20 Mi.
993 542 22 18 et
1029 539 49 21 M'"
1093 545 32 15 DE
1139 537 116 22 BILIOTTI
1300 537 32 20 Le
1345 535 55 21 Duc
1414 535 85 25 (p.-à-t.)

939 574 37 20 C««
985 579 32 15 DE
1027 573 120 21 NOBLET
1158 570 176 22 D'ANGLURE.

1127 692 133 26 DOSNE
1274 690 79 34 (rue)

1015 755 62 20 XVI"
1087 755 50 20 Arr.
1148 754 28 22 «-
1190 754 42 22 Rue
1242 754 28 19 de
1280 753 21 20 la
1312 753 94 24 Pompe,
1416 751 44 20 165.

1081 792 117 21 Paroisse
1206 788 189 24 Saint-Honoré.

891 878 22 19 11
942 876 37 21 O
988 879 22 17 et
1020 876 65 21 C'
1095 875 117 21 AlfredDE
1221 873 185 23 CHABANNES
1415 872 40 21 LA
1463 869 93 23 PALICE

966 909 130 28 Polignae.

892 944 24 20 15
943 942 36 22 C"
993 942 115 27 Foulques
1122 948 32 15 DE
1167 934 121 29 MAILLÉ.

1105 1072 131 25 DOUAI
1251 1071 66 32 (rue
1331 1070 50 33 de)

940 1126 40 21 IX"
990 1125 51 21 Arr.
1053 1123 98 27 (Saint-
1165 1123 112 27 Georges)
1315 1123 51 21 Rue
1375 1122 95 26 Pigalle.
1480 1122 57 21 6£65

1102 1162 25 18 ->
1136 1157 67 21 Boul.
1214 1157 28 20 de
1252 1156 89 26 Clichy,
1351 1157 32 20 77.

1073 1195 107 21 Paroisse
1216 1194 198 22 Sainte-Trinité.

896 1289 25 20 22
946 1289 30 20 M.
988 1291 21 17 et
1019 1289 49 20 M»"
1078 1289 102 20 Ludovic.
1191 1281 103 27 HALÉVY
1342 1288 113 26 Bréguet.
1481 1286 110 26 [Samedi]

895 1323 26 20 39
947 1322 30 21 M.
988 1322 101 26 Stéphen
1103 1321 181 22 GRANETIAS.

897 1357 25 19 43
947 1356 30 20 M.
993 1356 82 19 etM««
1097 1355 25 21 E.
1151 1361 31 14 DE
1205 1356 40 19 LA
1268 1353 198 22 CIIARLOTTRIE
1524 1353 69 20 Lieu-

973 1389 68 21 taud.
1502 1387 90 27 JJeudi|

897 1423 26 20 69
948 1422 31 21 M.
990 1422 67 25 Tony
1066 1421 263 22 ROBERT-FLEURY.

1119 1546 164 25 DKOITOT
1309 1546 77 32 (rue)

901 1599 41 21 IX*
952 1599 51 20 Arr.
1014 1603 25 19 «-
1049 1598 65 21 Boul.
1129 1598 158 27 Montmartre,
1301 1599 58 23 22.-»
1369 1598 39 27 Rue
1421 1598 131 27 Lafayette,
1564 1599 31 21 SO.

913 1679 13 20 8
951 1679 30 20 M.
993 1679 95 26 Eugène
1097 1679 134 21 DAMOYE.

901 1714 25 20 15
952 1713 28 20 D'
994 1712 105 21 Fernand
1114 1709 221 25 TREM0L1ÈRES.

902 1751 22 20 21
952 1751 41 20 B«
1016 1752 21 18 et
1056 1751 63 19 B""
1138 1756 31 15 DE
1186 1751 124 20 LARRARD
1370 1751 111 21 Deramé.
1502 1751 29 26 [%'
1546 1754 21 17 et
1577 1751 21 20 i<

1463 1784 136 25 Vendredis]

1097 1890 225 31 DUFRÉNOY
1337 1895 77 35 (rue)

951 1956 63 21 XVI"
1023 1956 51 20 Arr.
1086 1956 236 27 (Porte-Dauphine).
1335 1956 27 27 4-
1373 1958 96 20 Avenue
1479 1957 88 21 Victor-

1064 1989 76 28 Hugo,
1147 1991 43 20 184.
1201 1994 24 19 ->•
1235 1990 65 21 Boul.
1312 1990 98 26 Lannes,
1420 1991 31 20 29.

1090 2028 107 20 Paroisse
1233 2028 191 21 Saint-Honoré.

907 2121 12 20 S
959 2120 36 21 C"
1007 2123 22 18 et
1042 2121 65 22 C1""
1123 2127 32 15 de
1171 2122 91 21 VIRIEU
1310 2122 103 21 d'Vrsel.

909 2154 23 19 11
960 2153 31 21 M.
999 2157 22 17 et
1030 2155 49 20 M»'
1090 2156 121 20 Théodore
1221 2157 112 20 PO1LPOT
1377 2156 230 21 Carrier-Belleuse.

923 2187 12 20 4
960 2186 31 22 M.
1002 2191 22 17 et
1032 2188 33 22 M–
1081 2188 33 22 A.
1124 2189 31 22 LE
1170 2189 62 22 BRUN
1276 2188 330 28 Sépulchred'Autrebande.
