1749 2481
1087 91 40 32 La
1144 91 163 33 Sorbonne
1325 90 73 42 (rue
1417 90 56 42 de),

362 97 39 31 La
428 95 137 32 Planche
583 93 85 42 (rue)

331 192 58 25 LA
409 189 205 27 PLANCHE
628 187 78 34 (rue)

217 255 52 21 VII'
280 255 51 21 Arr.
342 250 335 31 (Saint-Thomas-d'Aquin).
691 250 29 31 «-
734 250 43 31 Rue
791 248 28 21 de

344 288 116 26 Varenne,
470 288 32 20 15.
511 291 25 19 ->
546 292 28 15 en
583 286 110 26 impasse.

286 328 108 21 Paroisse
431 325 192 23 Saint-Thomas
634 323 116 28 d'Aquin.

179 408 9 19 1
217 406 50 21 M»'
282 406 89 20 Octave
386 402 141 23 dAUBIGNY
577 402 160 21 Desmarotuc
746 399 30 21 de
791 398 81 23 Gaul-

245 441 59 19 min.

218 475 43 20 B°»
274 474 80 20 Albert
369 471 172 22 dAUBIGNY.

217 509 64 21 B««'
292 506 192 23 DESMAROUX
500 512 30 14 de
544 502 147 24 GAULMIN.

179 545 13 19 2
217 542 67 23 £>•»•
295 540 193 23 d'ALCANTARA
537 538 169 22 Gau.deeh.art.

219 577 36 21 CI-
277 580 23 17 et
319 575 67 22 C'
404 575 59 21 Jean
482 571 226 24 D'ALCANTARA:
735 569 90 22 TKint
843 569 29 21 de

243 609 168 23 Roodenbeke.

179 646 14 20 3
218 645 66 21 C'
299 650 31 15 DE
339 640 131 24 LACROIX-
486 640 114 24 VAUBOIS
652 639 118 22 Lacroix.

177 680 14 20 4
217 679 30 21 M.
259 681 23 18 et
291 678 49 21 M–
355 676 107 22 Fernand
477 669 92 28 NICOLA
584 669 15 28 Y
650 674 104 27 Gripon.
767 671 103 28 [Mercr.]

180 715 11 19 7
218 713 49 21 M»'
280 712 88 21 Gaston
378 709 167 24 SABOURAUD
595 708 104 21 Ernoul.
781 706 90 27 [Mardi]

180 748 12 21 9
220 747 29 21 M.
261 749 21 19 et
292 747 49 20 M–
353 745 71 21 Henri
435 744 93 21 BAZIRE
572 743 88 21 Guntz.
780 740 91 27 [Mardi]

219 782 29 20 M.
260 783 22 19 et
292 781 50 21 M»'
352 777 103 23 Amédée
466 777 153 22 LOYSEAU:
628 777 96 26 Brigot.
736 774 135 28 [Vendredi]

221 815 36 21 O
268 818 23 18 et
301 815 67 21 C'
384 813 99 21 MABIRE
529 811 176 22 Saint-Céran.
737 809 133 27 (Mercredi)

218 849 40 21 Vi»
276 851 23 19 et
313 848 70 21 V«'"«
400 848 80 20 Pierre
498 852 32 15 DE
546 846 37 20 LA
594 845 102 21 LANDE
710 849 32 16 DE
753 842 84 23 CALAN

245 883 168 21 Bonneeallet.

219 918 31 20 M.
266 920 23 18 et
302 917 155 26 M»«.Camille
466 914 152 23 MONGENOT
669 913 88 25 Nique.
769 911 104 27 [Samedi

680 947 56 21 sauf
742 946 21 20 le
772 945 100 27 dernier)

167 989 22 18 11
206 987 37 20 bis
257 986 36 21 C"
307 988 23 19 et
344 986 66 21 C'
426 984 120 26 Rodolphe
562 988 31 17 uE
608 980 119 23 MAISTRE
772 980 103 21 Letour-

247 1020 62 22 oille.

171 1057 23 20 t5
220 1055 30 21 M.
262 1058 22 18 et
297 1054 50 21 M–
357 1054 90 21 Gaston
457 1051 123 23 RAFFARD
635 1049 127 23 Paillard.
781 1048 91 28 [Lundi]

221 1089 39 21 il"
276 1092 23 19 et
307 1089 51 21 M'"
374 1090 32 20 dk
415 1085 148 23 RAMBURES
616 1084 106 22 Bouillé.
740 1082 133 28 [Mercredi]

334 1195 285 36 LARGILLIÈRE
636 1200 77 35 (rue)

181 1261 63 21 XVI'
255 1261 51 20 Arr.
317 1263 24 20 <-
352 1259 50 21 Rue
411 1258 97 26 Mozart,
518 1257 31 20 10.
560 1260 24 19 ->
595 1255 65 22 Boul.
673 1254 141 27 Beauséjour,
826 1254 25 27 1.

180 1338 14 21 2
220 1337 65 21 C'«"
298 1342 31 15 de
345 1330 153 27 LOUVIÈRES
548 1333 90 22 Dulac.

226 1432 58 26 LA
303 1429 370 28 ROCHEFOUCAULD
689 1427 67 33 (rue
771 1426 49 33 de)

186 1491 40 21 IX'
236 1491 50 21 Arr.
299 1488 217 28 (Saint-Gaor9es).
528 1490 24 19 E
561 1487 50 20 Rue
622 1485 168 26 Saint-Lazare,
799 1485 64 21 52-51.

373 1527 25 19 ->
408 1522 51 21 Rue
469 1521 96 28 Pigalle,
575 1522 25 20 54
611 1522 23 19 et
642 1520 31 21 61.

350 1566 136 27 Paroisse
494 1563 201 24 Sainte-Trinité.

183 1640 12 20 3
222 1640 29 21 M.
262 1642 22 18 et
294 1639 49 21 M»'
358 1638 134 22 Bernard-J.
508 1637 82 22 DUBOS
639 1636 115 21 Thomas.

172 1674 24 20 12
223 1673 50 21 M~
282 1673 108 21 Fernand
400 1671 181 22 BARTHOLONI
629 1669 131 28 Beaufort.
785 1668 92 27 [Mardi]

225 1707 30 21 M.
266 1710 22 18 et
301 1707 51 20 M»'
363 1707 64 20 René
440 1704 181 22 BARTHOLONI
670 1704 27 21 L.
714 1702 126 23 GaUaldi.

223 1740 32 21 M.
273 1740 56 21 Jean
340 1738 208 23 BARTHOLONI.

174 1775 24 22 18
223 1775 32 20 M.
278 1776 22 19 et
323 1773 48 21 M»"
383 1773 106 21 Gustave
504 1771 91 22 DIDIER
638 1770 96 28 Fliehy.
765 1770 113 27 [Samedi]

173 1810 25 20 23
225 1808 41 21 B"
281 1810 22 18 et
318 1807 63 21 B">
392 1807 27 20 R.
434 1806 29 21 de
478 1805 106 22 BLONAY
633 1804 142 21 Morieand.
795 1804 83 26 [Jeudi]

226 1840 230 23 M°"MORICAND.

174 1879 25 20 21
227 1876 29 21 M.
272 1875 107 22 Edouard
392 1873 161 24 CAUVILLE,

174 1912 26 21 30
225 1910 40 21 V"
276 1909 143 21 Maximilien
430 1913 31 15 DR
473 1907 130 21 BLANGY.

176 1947 24 20 16
227 1944 30 21 M.
269 1944 97 25 Hugues
381 1942 120 21 VIGNES.

176 1981 25 20 56
228 1980 29 19 M.
274 1977 85 21 Michel
374 1975 339 23 MONNEROT-DUMAINE.

388 2068 189 26 LARRIBE
592 2066 79 34 (rue)

241 2127 62 21 VIII"
314 2127 50 21 Arr.
376 2126 28 23 <-
418 2126 42 23 Rue
475 2125 28 22 de
512 2123 196 28 Constankinople,
719 2124 23 21 31
753 2126 23 19 et
785 2124 32 22 35.

177 2210 13 20 2
218 2209 29 20 M.
263 2209 106 25 Auguste
380 2213 30 15 DE
422 2207 84 22 SUZE.

1117 186 227 26 LAS-CASES
1361 186 78 33 (rue)

949 242 53 22 VII'
1011 244 51 20 Arr.
1075 244 150 26 (Invalides).
1237 247 25 20 •
1271 245 51 20 Rue
1331 245 29 20 de
1370 244 160 26 Bellechasse,
1539 244 65 21 384Î.

1116 286 26 19 -+
1151 282 51 21 Rue
1213 282 28 21 de
1253 283 147 27 Bourgogne,
1411 283 22 20 31

1098 325 104 21 Paroisse
1242 325 214 22 Sainte-Clotilde.

941 419 9 20 1
979 418 97 21 Colonel
1096 419 42 20 B«»
1156 422 23 18 et
1191 419 64 21 B™«
1270 425 32 15 DE
1322 419 131 23 MANDAT
1473 419 156 22 GRANCEY:

1003 452 209 23 Gontaut-Biron.

976 486 31 22 M.
1024 490 22 17 et
1060 486 50 22 M"
1126 488 70 20 Henri
1207 488 28 21 de
1245 487 188 22 MONTCIIEUIL
1481 488 109 21 Ferriol.

936 521 12 21 3
975 521 31 21 M.
1017 524 23 18 et
1048 521 50 20 M»-
1108 521 63 22 Jean
1186 521 95 22 CALMON
1330 521 121 22 Dauriat.

937 556 11 20 7
976 555 30 21 M.
1022 558 22 18 et
1055 555 49 21 M–
1113 556 77 21 Pierre
1205 556 123 22 COLMET
1339 556 113 21 d'AAGE.

975 589 31 22 M.
1018 593 23 18 et
1050 590 50 20 M–
1109 590 22 21 J.
1145 590 121 22 DOULCET
1313 591 97 21 Bantel.

975 624 51 21 M–
1048 624 27 21 E.
1098 624 219 22 MERVEILLEUX
1344 631 33 15 Du
1399 625 133 21 VIGNAUX
1593 625 39 21 La

1002 658 158 28 Bajonnière.

976 692 31 21 M.
1019 692 78 21 Pierre
1108 692 217 22 MERVEILLEUX
1333 699 31 15 du
1376 692 150 23 VIGNAUX.

976 726 37 21 O
1021 729 22 18 et
1054 726 66 21 Cf"
1134 733 32 14 DE
1176 726 148 22 RORTHAYS
1372 727 174 27 Montaignac,

977 760 49 21 M»'
1036 761 27 20 A.
1075 755 171 31 WAROQUÉ:
1259 760 99 22 Oreille.
1390 760 80 28 |Merc.
1486 763 22 18 et
1528 761 103 26 Samedi]

936 795 15 21 8
975 795 50 20 M»<
1036 795 124 21 HENNET
1171 801 31 14 DE
1213 795 128 21 GOUTEL.

936 830 13 20 9
976 829 31 20 M.
1017 832 22 17 et
1048 829 49 20 M»
1108 829 109 21 Edouard
1232 823 137 27 LEFÉBURE
1419 830 92 26 Lefort.
1524 830 105 26 [Samedi]

926 865 25 19 10
976 863 37 21 C"
1024 866 22 18 et
1056 863 66 21 C""«
1132 864 27 20 R.
1170 869 32 17 DE
1213 864 253 21 BOURBON-KUSSET
1516 865 78 20 Ursel.

976 898 70 21 V–
1060 897 24 22 F.
1101 897 134 22 REVIERS
1250 904 32 15 DE
1295 898 126 21 MAUNY:
1435 898 131 28 Chevigné.

978 932 34 22 Ct.
1023 932 23 22 et
1057 932 66 21 c»»
1134 932 80 21 Simon
1225 937 31 16 DE
1265 932 191 22 WIGNACOURT
1507 933 75 28 Eery.

926 967 22 20 11
977 965 37 23 C"
1024 970 23 17 et
1057 966 68 21 C"–
1135 966 129 21 Guillaume
1275 972 31 15 DE
1316 967 183 22 BONVOULOIR
1553 967 80 22 Crue-

1003 1006 46 21 noy
1060 999 29 22 de
1097 1000 107 27 Lyonne.

977 1034 38 22 C"
1035 1037 23 18 et
1079 1035 67 21 C"
1174 1035 117 22 Théobald
1323 1041 29 15 DE
1380 1035 255 22 CHOISEUL-GOUF-

1004 1069 57 21 FIER
1104 1069 185 27 Louoel-Lupel.

978 1103 38 21 C
1025 1103 98 21 Charles
1137 1109 31 15 DE
1179 1103 153 22 CRISENOY
1348 1109 31 15 de
1394 1103 135 22 LYONNE.

976 1136 658 29 V"etV"–F.DELARUPELLE:/)«(/s<>3itr(p.-à-t.).

977 1171 67 21 C'
1055 1177 32 14 DE
1096 1165 147 28 PUYSÉGL'R
1289 1170 144 28 Beauffort.

928 1204 27 21 13
984 1203 41 22 M»
1034 1207 23 17 et
1067 1204 51 21 M'"
1129 1210 31 15 DE
1182 1204 175 22 MORTEMART
1416 1204 220 22 Montauban-Pa-

1006 1237 77 22 likao.

928 1265 25 20 U
978 1263 33 23 M.
1024 1268 22 17 et
1057 1264 48 21 M»"
1114 1264 87 27 Joseph
1213 1271 31 14 DE
1254 1264 94 22 PARIEU
1392 1264 92 22 Redon.
1539 1265 92 26 [Mardi]

927 1298 26 21 la
979 1297 41 22 V'«
1029 1301 23 17 et
1062 1298 70 22 V'
1143 1305 31 14 DE
1184 1298 64 22 BROC
1290 1298 114 22 Semallé.

978 1331 30 22 M.
1020 1335 23 18 et
1052 1332 50 21 M-
1113 1333 88 20 Gaston
1211 1339 32 14 DE
1254 1333 37 21 LA
1302 1332 154 22 BLANCHE.

980 1367 67 21 C1""
1057 1367 27 21 A.
1096 1373 32 14 de
1137 1360 124 31 SEMALLÉ
1309 1367 129 20 Romanet.

929 1401 25 21 18
980 1401 38 21 C"
1027 1400 99 22 Charles
1136 1400 78 22 LAIR.

981 1435 66 21 C'«"
1063 1434 77 21 LAIR.

928 1469 26 21 22
981 1469 38 21 C"
1027 1471 22 19 et
1059 1468 68 22 C'
1136 1475 31 15 DE
1177 1468 121 22 BROCAS
1310 1475 32 15 DE
1354 1468 121 22 LANAUZE
1526 1468 112 22 Barthé-

1007 1503 62 27 lémy
1079 1503 118 21 d'Hatiel.
1522 1503 113 27 [Samedi]

980 1538 41 21 V"
1035 1544 32 14 DE
1082 1538 121 21 BROCAS
1219 1543 32 15 DE
1265 1538 149 21 LANAUZE.

929 1573 25 20 23
980 1573 69 20 V'
1064 1578 31 15 DE
1111 1573 142 20 CONTADES
1306 1573 33 20 Le
1353 1573 78 25 Mi/re.

929 1608 25 20 21
982 1608 67 20 C'
1065 1607 102 21 Amédée
1186 1612 32 15 DE
1235 1601 186 26 BOURMONT:
1440 1606 196 23 Quatrebarbes.

1503 1639 133 26 [Mercredi]

983 1676 41 21 B"
1038 1679 22 17 et
1082 1675 64 21 B»*"
1168 1679 33 17 de
1221 1675 40 20 LA
1277 1674 106 21 HOUGUE
1435 1674 204 21 Deèrnousseaux

1007 1709 30 22 de
1052 1709 79 23 Givré.

930 1744 26 21 26
982 1744 50 20 M""
1042 1743 80 26 Henry
1132 1742 120 25 QUESNEL
1298 1741 107 27 Pouyer.
1501 1741 136 27 [Vendredi]

931 1782 26 20 30
983 1781 37 21 C"
1040 1784 22 17 et
1078 1781 67 20 C'
1164 1780 88 21 Gaston
1272 1785 31 15 DE
1322 1778 145 22 BONNEVAL
1520 1779 117 21 Coriotit.

1007 1814 169 27 d'Espinouse.
1443 1813 84 25 [Lundi
1537 1819 36 20 ap.
1584 1814 11 20 4
1607 1812 30 27 h.]

983 1848 41 21 Vu
1034 1847 105 21 Fernaud
1149 1854 32 14 DE
1190 1846 175 22 BONNEVAL.

983 1882 41 21 V»
1033 1881 104 21 Armand
1147 1887 31 15 de
1192 1881 173 21 BONNEVAL.

983 1917 67 21 Cu.
1059 1916 110 24 François
1181 1921 31 14 DE
1226 1914 234 23 GONTAUT-BIRON
1510 1914 91 22 Maillé
1609 1914 29 22 de

1008 1950 39 21 La
1064 1949 70 21 Tour
1147 1948 109 28 Landry.

1071 2075 57 25 LA
1144 2074 218 27 SORBONNE
1374 2076 68 33 (rue
1451 2074 50 34 de)

934 2126 90 24 Rue
1038 2124 29 21 du
1078 2124 185 26 Sommerard,3l.
1277 2124 28 26 ->
1318 2124 69 22 Place
1397 2125 28 21 de
1435 2125 22 21 la
1476 2122 121 27 Sorbonne,
1610 2122 27 27 2.-

936 2206 22 20 17
987 2203 29 22 M.
1027 2205 24 19 et
1060 2202 49 21 M-
1124 2201 97 23 Charles
1232 2201 158 23 CIIATELAIN
1434 2201 128 22 Gaillard.
