1749 2481
368 91 152 36 HYÈRES

1152 90 151 37 HYÈRES

794 97 79 31 VAR

576 215 23 58 V
622 215 23 58 A
668 215 23 58 R
746 224 263 51 (Département
1035 222 61 48 du)

506 339 357 31 PHYSIONOMIE
887 332 268 37 GÉNÉRALE

156 447 34 23 Le
210 446 95 24 littoral
326 447 34 23 du
378 447 175 31 département
574 448 35 24 du
632 449 61 28 Var,
713 449 250 24 harmonieusement
983 448 124 30 découpé,
1129 451 38 21 est
1188 448 182 24 certainement
1390 456 34 16 un
1447 449 43 23 des
1512 449 59 30 plus

99 485 92 28 beaux,
206 485 46 23 des
266 485 59 30 plus
340 485 84 23 variés
439 487 25 22 et
478 486 45 23 des
537 486 60 30 plus
612 486 171 30 pittoresques
797 488 31 22 de
842 487 25 23 la
882 487 108 28 France,
1005 488 124 29 peut-étre
1144 488 85 22 même
1243 487 31 23 de
1288 486 131 31 l'Europe.
1439 488 36 22 La
1489 487 83 30 splen-

97 523 64 23 deur
182 523 30 23 de
234 530 41 16 ses
298 524 79 27 côtes,
402 524 25 22 la
450 524 115 23 douceur
587 524 30 23 de
641 532 46 16 son
708 525 95 28 climat,
826 525 37 23 dit
885 525 94 23 climat
1003 524 230 28 méditerranéen,
1257 531 32 17 en
1312 524 55 24 font
1389 532 35 16 un
1445 524 44 24 des
1512 525 60 30 plus

97 561 136 30 agréables
248 563 24 21 et
288 561 44 23 des
347 561 58 30 plus
422 561 119 24 brillants
557 561 45 25 des
617 566 91 26 quatre
728 563 102 24 climats
846 563 142 24 maritimes
1003 563 32 23 de
1051 562 25 24 la
1095 563 107 23 France.
1218 563 69 23 Cette
1300 563 84 23 douce
1401 563 172 30 température

97 602 39 21 est
146 600 50 23 due
205 600 16 23 à
236 607 47 16 son
297 600 129 23 heureuse
441 600 148 31 exposition
604 601 44 23 des
664 602 79 27 côtes,
759 601 94 24 faisant
868 601 57 24 face
939 609 35 16 au
990 601 61 23 midi
1066 603 25 21 et
1105 601 134 30 protégées
1253 608 49 24 par
1320 601 31 23 de
1365 601 92 24 hautes
1472 604 100 21 monta-

97 644 73 24 gnes,
186 640 88 22 contre
287 637 38 24 les
341 638 165 30 intempéries
522 638 44 24 des
581 641 72 21 vents
667 639 34 23 du
716 640 80 27 Nord,
811 642 25 21 et
850 639 38 24 les
902 639 199 24 intermittentes
1117 639 177 29 bourrasques
1311 639 33 23 du
1360 639 110 23 mistral.

158 689 36 23 La
211 688 100 24 culture
326 696 32 16 en
377 689 85 30 pleine
476 692 75 26 terre,
572 690 31 23 de
622 690 135 30 l'oranger,
780 691 33 23 du
834 691 146 27 citronnier,
997 691 33 22 du
1048 689 157 31 bigaradier,
1221 689 105 31 jusqu'à
1346 690 63 23 celle
1427 690 35 24 du
1481 690 92 24 dattier

98 726 46 30 qui
158 727 90 23 atteint
261 727 99 30 parfois
376 728 27 23 15
420 728 91 23 mètres
526 728 31 23 de
571 728 118 28 hauteur,
707 729 128 30 témoigne
852 729 30 24 de
895 729 25 23 la
934 729 116 23 douceur
1063 728 196 31 incomparable
1274 729 30 22 de
1321 735 47 17 son
1385 728 98 24 climat.

158 778 127 29 Hyères,
301 777 56 24 face
369 777 15 24 à
400 778 26 23 la
440 779 69 28 rade,
527 785 61 17 avec
603 786 42 17 ses
661 779 78 24 belles
756 780 170 30 promenades
941 779 115 31 plantées
1071 779 31 23 de
1116 779 113 28 dattiers,
1244 785 34 17 au
1295 781 59 28 port
1367 779 171 30 majestueux-

100 816 226 29 Saint-Tropez,
348 823 32 16 au
402 816 62 23 fond
484 817 34 23 du
540 817 69 30 golfe
630 817 30 24 de
684 817 189 31 Saint-Tropez
896 825 33 17 ou
951 818 30 23 de
1005 817 135 24 Grimaud
1198 817 251 30 Saint-Raphaël,
1469 818 64 23 dans
1551 817 23 24 le

99 853 71 30 golfe
184 853 30 23 de
229 854 99 29 Fréjus,
345 861 67 23 pour
426 862 31 16 ne
470 854 63 24 citer
546 862 50 23 que
611 855 36 23 les
662 856 108 23 stations
785 856 36 23 les
837 857 60 30 plus
911 856 178 30 importantes,
1111 858 59 21 sont
1194 863 34 16 un
1250 855 87 30 séjour
1357 856 128 24 délicieux
1508 862 66 24 pour

98 891 38 24 les
151 891 148 24 hivernants
324 892 56 23 bien
399 895 126 28 portants,
547 894 115 23 malades
682 897 24 20 et
721 895 198 23 valétudinaires
938 895 45 30 qui
1004 894 119 24 viennent
1144 893 126 25 chercher
1289 900 45 17 sur
1353 894 23 24 le
1395 894 64 24 beau
1478 894 96 24 littoral

99 929 35 24 du
152 930 51 23 Var
221 930 22 23 le
260 930 82 28 soleil,
358 931 24 22 la
399 932 81 27 santé,
497 932 23 23 le
534 932 84 23 calme
633 935 23 21 et
670 933 22 23 le
706 940 87 23 repos.

370 1049 136 36 VUE
562 1042 352 43 GÉNÉRALE
964 1043 317 43 D'HYÈRES
