1749 2481
447 82 91 32 NICE

702 83 354 33 ALPES-MARITIMES

1222 86 86 30 NICE

128 176 134 25 Estroyat
280 174 35 30 (G.
335 174 41 30 d'),
396 175 58 24 villa
470 176 140 32 Paqueraie,
630 176 95 24 chemin
739 177 30 23 de
786 176 58 24 Val-

156 208 70 23 Rose.

126 249 134 26 Estroyat
276 248 63 30 (M""
353 248 41 31 d'),
412 251 36 27 18,
463 256 37 17 av.
518 249 164 25 Mon-Plaisir.

126 288 166 27 Euzenberg
307 287 72 30 (Cl<<"
393 288 42 30 d'),
451 289 37 27 19,
503 295 43 17 rue
559 288 134 32 Meyerber.

126 326 98 23 Evans
231 325 66 31 (M»«)
305 326 93 23 chemin
408 327 30 23 de
447 327 96 30 Cimiez,
551 328 59 23 villa
616 329 73 22 Torre
700 328 24 23 di
734 328 108 24 Cimella.

126 366 169 26 Eyssautier
312 365 74 30 (M»'),
403 367 36 28 13,
456 366 56 30 quai
527 366 42 24 des
584 366 228 25 Deux-Emmanuel.

126 405 168 26 Eyssautier
313 403 58 31 (M.),
392 405 90 24 Consul
497 406 139 29 honoraire,
653 407 39 28 27,
710 414 45 15 rue
773 406 70 23 d'An-

154 436 110 32 gleterre.

125 478 166 26 Eyssautier
306 476 56 31 (M°"
374 477 115 30 Oswald),
504 480 38 28 18,
556 486 44 16 rue
613 478 123 24 Adélaïde.

123 550 90 23 Fabre
236 550 132 30 (Général),
391 551 25 24 C.
432 552 37 29 >&,
488 551 58 25 villa
563 552 45 24 Les
622 552 113 24 Lauriers
759 553 81 27 Roses,

154 592 90 17 avenue
258 585 89 24 Auber.

123 627 89 22 Fabre
231 624 76 30 (Mgr),
321 626 23 27 2,
359 632 42 17 rue
417 626 125 30 Raynaud.

123 664 162 23 Fairbanks
301 663 76 31 (M"»),
392 666 24 27 8,
443 672 43 16 rue
500 664 29 23 de
544 665 161 31 Longchamp,
721 665 59 24 villa
793 665 46 23 Le-

151 702 83 31 grand.

122 741 118 23 Falicon
256 741 45 30 (C"
314 745 25 20 et
359 741 61 23 O–
441 742 47 30 de),
510 741 58 24 villa
582 743 33 23 La
628 742 139 29 Prediletta,
783 743 55 23 che-

151 779 51 24 min
216 780 29 23 de
261 780 209 31 Saint-Sylvestre.

121 821 131 27 Faraudi,
267 819 59 23 villa
339 819 108 29 Arnaud,
463 819 94 24 chemin
572 820 28 23 de
617 820 96 24 Cimiez.

120 861 90 22 Faure
232 858 133 31 [Général),
382 859 17 23 0
415 860 37 29 >jfc,
468 861 22 26 3,
506 866 91 17 avenue
611 859 121 24 Beaulieu.

119 899 159 27 Faverney,
299 899 41 22 née
361 900 36 21 Le
417 901 60 26 Ray
496 897 73 30 (O'"
587 898 48 32 de),
654 898 65 24 boul.
741 899 95 29 Carnot,

149 936 59 24 villa
221 937 45 23 Les
280 937 101 31 Agaves.

119 977 151 27 Faverney
286 976 45 29 (Cu
345 975 48 31 de),
410 977 76 22 même
500 975 104 25 adresse.

118 1016 61 27 Fay
195 1014 37 31 (M.
249 1019 24 19 et
286 1015 48 23 M""
348 1015 99 31 Alexis),
464 1017 51 27 173,
530 1022 43 17 rue
588 1016 29 23 de
632 1015 97 25 France.

119 1054 132 23 Federoff
272 1053 57 30 (M»«
353 1053 47 31 de),
426 1055 38 28 19,
491 1061 42 16 rue
553 1054 204 30 Alphonse-Karr,
779 1055 58 23 villa

148 1092 129 24 Belmarre.

118 1133 166 22 Fernandez
301 1132 49 29 (J.),
366 1131 59 23 villa
439 1131 146 29 Fernandez,
600 1139 38 16 av.
655 1131 42 23 des
714 1132 91 24 Fleurs.

117 1172 166 21 Fernandez
299 1170 57 31 (M.),
373 1172 36 27 18,
425 1177 89 17 avenue
529 1171 152 23 Villermout.

116 1209 171 24 Fontenille
306 1208 45 31 (C1*
365 1209 48 30 de),
429 1211 38 27 37,
484 1208 64 24 boul.
566 1208 165 32 Victor-Hugo.

116 1250 116 26 Fouque
248 1248 45 30 (G*"
307 1248 48 30 de),
370 1248 65 24 boul.
452 1248 97 29 Carnot,
564 1248 58 24 villa
634 1247 36 24 La
683 1248 75 23 Vista.

117 1288 101 22 Frisch
234 1288 34 22 de
285 1288 64 22 Fels
371 1286 39 30 (M.
432 1291 24 19 et
478 1286 70 31 Mm#),
562 1286 42 31 29,
627 1287 147 31 promenade
793 1286 42 24 des

146 1326 107 30 Anglais,
269 1326 59 24 villa
341 1326 148 31 Dampierre.

115 1367 92 21 Funel
222 1366 33 21 de
271 1368 178 20 Claussonne
466 1365 37 30 (M.
520 1369 24 19 et
557 1364 67 32 Mm>),
637 1364 93 32 Avocat,
744 1372 90 17 avenue

146 1399 129 29 Mirabeau,
289 1400 59 23 villa
362 1399 73 24 Funel
450 1400 29 23 de
495 1399 154 24 Claussonne.

115 1440 93 22 Funel
224 1439 72 29 (Th.),
312 1440 130 23 Directeur
454 1439 24 24 de
490 1439 24 24 la
526 1439 86 24 Société
625 1440 52 22 "La
687 1439 146 24 Financière

145 1478 154 29 Lyonnaise,"
313 1478 42 29 87,
369 1478 126 29 promenade
508 1477 154 31 desAnglais,
672 1476 61 24 villa
745 1476 85 24 Emilie.

113 1564 122 23 Gabriac
247 1563 44 30 (C"
306 1563 100 30 Arthur)
419 1563 33 31 [et
467 1563 62 23 C1""
540 1564 43 21 née
598 1563 84 29 Faiiuy
697 1562 134 30 Fithian],

145 1601 68 21 route
228 1597 30 24 de
272 1597 137 29 Brancolar,
427 1597 58 24 villa
498 1597 218 30 Paques-Fleuries.

114 1638 109 23 Gallais
234 1636 102 30 (Albert)
351 1626 90 40 [e^M""
456 1637 42 22 née
511 1638 125 21 Larcher
649 1634 29 24 de
693 1638 137 21 Stockau-

143 1672 69 30 sen],
228 1673 23 28 6,
266 1678 43 17 rue
324 1671 148 28 Rothschild,
488 1670 59 23 villa
561 1669 172 26 Sainte-Marie.

112 1712 122 21 Galland
243 1712 33 22 de
285 1711 210 22 Grandmaison
503 1709 71 30 (B"°e
583 1709 48 31 de),
638 1710 22 28 3,
667 1716 42 16 rue
719 1708 108 25 Gounod.

112 1752 123 21 Galland
250 1752 33 21 de
298 1751 209 22 Grandmaison
522 1749 50 29 (Bo.
579 1749 48 30 de),
636 1750 76 22 même
723 1749 104 23 adresse.

111 1789 132 22 Gebhard
258 1788 133 29 (Général),
406 1788 65 23 boul.
489 1787 96 29 Cimiez,
600 1787 58 23 villa
672 1787 104 23 Neriem.

111 1826 231 30 Germain(Henri)
355 1826 86 30 [etM--
449 1828 43 22 née
499 1825 108 32 Vultry],
620 1825 68 32 villa
700 1826 125 31 Orangine,

139 1864 128 23 Brancolar
283 1865 33 29 [7.
329 1864 72 30 0-01].
385 1864 16 30 J.

110 1905 134 21 Germain
260 1903 57 30 (A.),
334 1904 35 27 19,
386 1910 42 15 rue
444 1901 275 29 St-François-de-Paule.

109 1943 96 21 Ghika
219 1941 94 30 (P«""),
327 1941 38 26 36,
381 1947 42 17 rue
438 1940 29 24 de
481 1940 142 24 l'Escarène.

107 1981 116 22 Giacobi
242 1980 53 29 (E.),
317 1979 91 24 Consul
425 1980 30 23 de
473 1979 106 28 Monaco,
595 1979 57 22 villa
671 1978 153 23 Jeanne-An-

137 2014 66 28 drée,
218 2014 95 24 chemin
327 2013 30 24 de
371 2013 96 24 Cimiez.

105 2055 137 22 Gilchrist
253 2053 38 29 (D'
301 2052 92 30 A.-M.),
405 2053 38 29 39,
452 2052 66 23 boul.
530 2051 157 31 Victor-Hugo
701 2051 33 31 [I
748 2051 72 31 4-31].

105 2094 117 23 Gilletta
235 2094 34 22 de
285 2094 203 27 Saint-Joseph
503 2091 45 30 (C"
562 2094 25 21 et
600 2091 63 24 C'
674 2090 46 31 C.),
730 2092 38 27 21,
780 2098 41 16 rue

133 2132 32 23 du
181 2132 86 24 Palais.

104 2173 116 22 Gilletta
238 2173 35 22 de
291 2173 204 26 Saint-Joseph
519 2170 113 30 (Joseph),
652 2169 164 30 Nolaire,.36,

132 2209 67 28 boul,
213 2209 152 29 Mac-Mahon
377 2209 37 31 P
427 2209 78 31 3-44].

899 179 118 21 Gilletta
1031 180 34 22 de
1080 179 203 28 Saint-Joseph
1301 178 107 30 'Victor),
1423 179 23 26 6,
1458 185 42 16 rue
1515 177 102 25 d'Italie.

899 217 101 21 Girard
1016 216 54 30 (F.),
1086 217 94 23 chemin
1196 217 40 23 des
1252 218 144 28 Baumettes,
1410 216 59 23 villa
1489 216 95 24 Félicie.

898 259 108 24 Gorloff
1018 259 39 30 (M.
1069 263 24 20 et
1106 259 48 24 M™"
1170 260 112 24 Valentiii
1294 260 47 29 de),
1356 262 37 26 57,
1410 266 42 17 rue
1467 260 29 24 de
1512 261 23 24 la
1548 260 65 27 Paix.

897 300 198 22 Gostkowska
1110 298 71 30 (B»""
1196 299 47 31 L.),
1259 300 38 27 41,
1312 306 44 16 rue
1370 299 77 23 Cotta.

898 338 180 24 Gotskowski
1096 338 66 30 (B™),
1176 340 38 26 29,
1232 345 42 17 rue
1290 338 30 24 de
1334 338 23 24 la
1370 338 75 23 Buffa.

897 377 112 26 Goujon
1025 376 142 30 (Edouard),
1182 378 24 29 8,
1220 385 41 16 rue
1276 377 29 23 de
1320 377 98 24 France.

897 416 303 23 Graffenried-Villars
1215 417 71 28 (B°»n'
1302 412 48 33 dé),
1369 415 77 31 palais
1465 416 32 24 du
1517 422 97 24 square,

925 450 38 27 54,
978 449 130 24 boulevard
1124 449 166 32 Victor-Hngo.

896 490 116 21 Grasset
1026 488 39 30 (M.
1083 493 24 19 et
1125 488 49 23 M™'
1192 489 98 26 Charles
1309 489 48 30 de),
1379 489 93 23 chemin
1492 489 42 24 des
1550 490 64 23 Bau-

925 522 95 25 mettes,
1037 519 58 23 villa
1110 518 105 25 Grasset.

895 558 113 22 Gréban
1022 557 73 30 (C'
1110 556 81 25 Céline
1206 557 47 30 de),
1270 559 36 27 54,
1325 558 64 23 boul.
1409 557 173 31 Victor-Hugo.

894 597 110 21 Griolet
1025 596 55 30 (H.),
1100 596 209 24 Sous-intendant
1328 597 130 28 militaire,
1479 598 22 27 7,
1526 602 92 18 avenue

923 625 123 24 Beaulieu.

894 666 105 21 Grosso
1016 664 36 30 (M.
1070 669 24 19 et
1106 664 49 23 Mm"
1170 665 46 29 F.),
1232 668 21 26 1,
1271 672 42 16 rue
1328 665 29 23 de
1373 665 23 23 la
1411 664 110 24 Caserne.

894 705 105 21 Grosso
1017 704 49 29 (J.),
1084 704 57 23 villa
1157 704 208 29 Marie-Léocadie,
1381 704 92 24 chemin
1490 704 30 23 de
1534 704 79 23 Mont-

922 737 89 23 Alban.

893 778 155 21 Grouvelle
1061 777 44 29 (C'°
1116 781 23 19 et
1148 777 83 30 G'),
1242 777 58 23 villa
1313 777 104 30 Leclerc,
1435 779 37 26 14,
1481 785 19 15 r.
1509 776 103 25 Rossini.

893 817 154 20 Grouvelle
1065 815 65 29 (V"),
1145 816 77 22 même
1237 815 104 23 adresse.

892 856 172 21 Gubernatis
1080 853 107 32 (Scipion
1201 854 48 30 de),
1264 855 37 28 18,
1315 861 43 16 rue
1372 854 137 24 dVRussie.

892 893 200 23 Guldencrone
1122 892 68 30 (B°°),
1220 893 164 24 Vice-Consul
1405 894 29 23 de
1461 893 149 28 Danemark,

920 927 58 23 villa
992 926 177 31 Guldencrone,
1187 934 91 17 avenue
1293 927 171 31 Shakespeare.

892 968 117 27 Gurney
1020 966 73 30 (M1"),
1112 968 29 27 {Si
1164 966 193 29 Saint-Laurent,
1372 973 36 17 av.
1420 966 191 24 Saint-Laurent.

891 1007 168 27 Gurowsky
1083 1007 34 21 de
1140 1007 134 22 Weozèle
1298 1005 44 30 (Ct0
1366 1009 23 19 et
1414 1004 83 30 C"),
1520 1005 91 24 Consul

919 1040 274 29 d'Autriche-Hongrie,
1203 1042 29 27 tffa
1242 1040 29 23 de
1280 1039 143 30 Montloron^
1433 1039 65 23 boul.
1511 1040 98 23 Carnot.

890 1118 147 28 Hachette,
1055 1118 146 23 Lieutenant
1216 1124 31 17 au
1261 1117 39 23 13°
1310 1118 157 28 d'artillerie,
1479 1118 22 28 7,
1513 1117 94 24 buulev.

920 1152 98 24 Carnot.

889 1192 174 23 Hackmann
1072 1190 115 30 (Général
1198 1190 48 30 de),
1257 1190 59 23 villa
1327 1190 72 29 Elise,
1413 1198 37 15 av.
1464 1189 42 24 des
1516 1190 92 23 Fleurs.

888 1231 86 22 Hahn
991 1229 64 29 (Miss
1073 1229 77 30 Olga),
1166 1230 22 27 8,
1206 1236 43 17 rue
1263 1229 126 30 Papacino.

889 1269 165 28 Halperime
1070 1267 57 31 (Mm,
1143 1267 116 31 Charles),
1277 1267 56 24 villa
1348 1267 99 30 Bel-Air,
1463 1275 90 16 avenue
1566 1268 42 24 des

917 1304 93 23 Fleurs.

887 1344 135 27 Halphen
1039 1342 122 31 (Eugène),
1178 1343 36 26 11,
1229 1348 43 16 rue
1287 1340 29 24 de
1330 1341 161 31 Longchamp.

887 1383 134 27 Halphen
1037 1381 38 30 (M.
1092 1385 24 19 et
1129 1380 48 23 Mml
1191 1381 73 29 Jules)
1281 1380 51 31 [née
1351 1380 134 31 Péreire],
1510 1380 95 25 chemin

916 1415 30 24 de
961 1414 96 30 Cimiez,
1071 1415 61 24 villa
1146 1414 111 25 Zénoïde.

887 1455 99 26 Hardy
1001 1453 56 30 (C.),
1071 1453 133 23 boulevard
1219 1453 135 23 Gambetta.

886 1492 109 23 Harold
1014 1498 58 16 van
1091 1494 98 21 Buren
1204 1491 53 29 (S.),
1280 1491 89 24 Consul
1388 1492 42 23 des
1450 1486 156 33 États-Unis,

915 1527 38 27 15,
968 1525 148 30 promenade
1130 1524 42 23 des
1186 1524 107 31 Anglais.

885 1565 101 22 Harris
1012 1564 48 29 (Sir
1082 1564 98 28 James),
1195 1565 94 22 Ancien
1313 1564 90 23 Consul
1424 1564 15 21 d
1451 1564 154 29 Angleterre,

913 1597 95 25 chemin
1022 1597 33 24 du
1069 1597 159 29 Mont-Alban,
1239 1597 59 24 villa
1310 1597 46 24 Les
1371 1597 112 24 Rochers.

885 1639 146 26 Hautpoul
1051 1636 35 31 (G.
1101 1636 30 23 de
1142 1639 39 20 La
1191 1637 102 22 Périne
1304 1635 47 31 de),
1366 1638 39 28 20,
1416 1643 43 16 rue
1474 1636 126 24 Adélaïde.

884 1677 168 22 Heeckeren
1068 1675 73 29 (B"»""
1155 1675 49 28 de),
1220 1676 36 26 16,
1274 1675 65 23 boul.
1357 1675 134 24 Carabacel.

883 1717 166 22 Heeckeren
1068 1714 196 28 d'Enghuisen
1284 1714 71 29 (B01""
1371 1714 49 30 de),
1435 1713 93 23 Manoir
1541 1714 60 23 Nor-

913 1749 81 28 mand,
1010 1749 151 23 Montboron.

882 1789 115 22 Héraud
1016 1790 33 20 de
1070 1788 200 22 Châteauneuf
1290 1787 70 29 (B"
1381 1787 87 29 Aimé),
1492 1787 23 28 1,
1533 1787 67 30 place

911 1822 183 24 Charles-Félix.

880 1862 154 22 Hernando
1051 1859 54 30 (F.),
1126 1859 94 23 chemin
1244 1859 29 24 de
1295 1859 138 27 Braiicolar,
1455 1859 59 23 villa
1537 1859 60 23 Her-

909 1893 87 24 nando.

879 1934 170 26 Heydecker
1062 1931 97 29 (W.A.),
1168 1931 93 23 Ancien
1272 1930 99 29 Consul,
1381 1931 57 22 villa
1449 1930 147 30 Heydecker,

908 1966 132 23 boulevard
1053 1967 30 22 de
1098 1967 24 21 la
1136 1964 117 30 Mantega.

877 2005 142 23 Hincourt
1036 2003 71 30 (C1"
1122 2002 42 30 d'),
1179 2004 38 26 63,
1233 2009 43 16 rue
1290 2002 29 23 de
1333 2003 98 22 France.

876 2044 121 22 Hochon
1013 2042 109 29 (André),
1138 2042 36 27 49,
1190 2048 43 16 rue
1247 2041 136 23 Pastorelli.

876 2080 417 29 Hohenlohe-Schillingsfûrst
1313 2079 45 30 (P™
1373 2084 24 18 et
1410 2080 67 23 P"»«
1488 2079 105 24 Maurice

904 2117 48 30 de),
966 2117 39 28 73,
1019 2115 147 31 promenade
1180 2114 45 24 des
1241 2114 108 31 Anglais,
1367 2114 61 24 villa
1443 2114 148 23 Hohenlohe.

873 2153 143 26 Holweck
1032 2154 93 30 (F.-L.),
1141 2153 59 23 villa
1212 2151 82 31 Verdi,
1309 2160 43 15 rue
1366 2152 96 24 Hérold.

872 2193 164 30 Hompesch
1050 2193 93 30 (C'),
1158 2195 38 27 11,
1209 2199 44 16 rue
1266 2192 127 24 Macarani.
