1749 2481
431 101 87 31 NICE

682 100 347 31 ALPES-MARITIMES

1190 100 87 30 NICE

119 193 93 22 Bellet
245 191 49 30 (B™
312 191 58 24 Jean
393 191 38 30 de)
456 192 33 30 [et
510 192 63 23 B™«
598 194 43 22 née
671 191 158 30 Prodgers],

150 225 79 30 Chargé
242 225 133 30 d'Affaires
388 227 28 23 de
424 227 24 23 la
455 226 152 30 République
617 228 29 22 de
658 226 171 29 Saint-Marin,

148 264 14 22 à
176 264 83 28 Paris,
275 265 77 23 même
366 264 103 25 adresse.

119 303 125 23 Bellivet
267 304 33 22 de
324 304 102 29 Coppé,
449 303 59 24 villa
529 303 133 30 Montclair,
687 310 88 16 avenue
801 302 29 23 de

148 335 132 25 Montclair.

118 375 118 23 Benedit
251 374 76 32 (M™*),
342 375 77 31 palais
432 375 152 32 Marguerite,
596 383 86 24 square
696 374 133 26 Gambetta.

117 414 116 22 Benitez
255 414 115 23 d'Avila
391 414 29 30 (J.
443 414 48 30 de),
513 414 58 23 villa
592 414 111 30 Flandre,
725 420 106 23 passage.-

149 453 204 23 Saint-Lambert.

121 492 195 22 Benkendorff
322 492 91 29 (C1""),
422 492 57 22 villa
488 491 143 29 Monticello,
639 491 92 23 chemin
742 490 90 24 Sainte-

150 530 108 23 Thérèse.

121 570 110 21 Bennet
246 568 126 30 (Colonel),
435 568 57 23 villa
506 568 113 30 Joli-Site,
629 570 23 27 2,
665 573 84 25 square
757 567 74 24 Gam-

146 605 74 25 betta.

118 647 85 21 Beost
218 645 49 29 (B°»
280 645 46 23 Ad.
342 645 48 30 de),
407 647 21 26 1,
443 651 43 17 rue
500 646 105 23 Bottero.

117 683 108 24 Bérard
238 682 58 31 (G.),
310 684 139 28 Ingénieur,
464 685 37 27 19,
516 690 43 17 rue
577 683 133 24 Pastorelli.

119 724 73 25 Berg
211 721 44 29 (C"
276 725 24 19 et
319 721 82 30 C1""),
422 722 58 23 villa
498 722 125 29 Boutteau,
644 723 37 27 22,
700 721 129 24 boulevard

149 760 126 23 Carabacel
291 760 33 30 [S
337 760 72 30 5-12].

118 798 168 29 Berlingieri
301 799 49 29 (B™
364 803 24 18 et
407 798 63 23 B""
492 799 49 29 de),
570 798 57 24 villa
646 799 92 29 Nancy,
761 802 68 19 route

147 836 134 23 Forestière
297 836 29 24 de
340 836 149 24 Montboron.

117 876 153 22 Bermondi
286 875 44 30 (G"
344 875 49 30 de),
407 877 23 26 5,
444 883 43 15 rue
500 875 116 24 Masséna.

117 916 163 26 Bermondy
295 914 39 29 (D'
350 914 146 30 Théophile),
510 915 22 27 5,
549 921 41 16 rue
605 914 31 23 du
652 913 85 24 Palais.

117 954 128 21 Bernard
259 952 174 23 d'Attanoux
446 951 98 31 (Henri),
555 953 239 30 AncienMagistrat,
805 953 22 27 2,

146 986 67 30 place
227 986 28 23 de
269 985 226 32 l'Eglise-du-Vœu.

118 1025 101 22 Bernis
235 1025 73 29 (C">–
321 1024 48 30 de),
384 1025 22 27 6,
421 1031 42 16 rue
477 1025 32 22 du
526 1025 102 30 Congrès
644 1025 33 30 [7.
690 1025 69 29 6-S6].

117 1064 173 26 Bernouilly
305 1063 48 29 (B"
367 1063 99 23 J.-J.-A.
483 1063 46 29 de),
544 1064 104 22 Rentier
669 1063 34 30 [et
715 1062 50 23 M"»
786 1064 41 21 née

146 1101 86 30 Joly],
247 1102 37 27 10,
301 1108 90 16 avenue
406 1101 165 23 Notre-Dame.

117 1142 142 25 Bestagno
274 1139 57 29 (!"•
345 1139 26 23 P.
386 1139 48 30 de),
449 1140 22 28 3,
485 1140 68 30 place
566 1139 187 24 Charles-Félix.

117 1177 110 30 Beugnot
242 1177 110 30 (C'),
370 1180 38 27 47,
423 1184 89 17 avenue
527 1178 29 23 de
570 1178 24 23 la
608 1177 69 24 Gare.

117 1218 110 22 Biasini
242 1216 37 30 (M.
295 1221 24 19 et
332 1216 48 23 M»'
393 1216 85 29 S.-M.),
494 1217 139 29 Ingénieur,
645 1218 22 26 2,
678 1223 20 17 r.
711 1215 114 25 Masséna.

117 1256 112 22 Bidault
244 1255 125 29 (Colonel),
385 1254 26 24 0.
427 1256 37 27 •&,
479 1257 37 26 40,
530 1262 44 16 rue
588 1255 134 23 Pastorelli.

117 1294 133 22 Bieckert
260 1292 54 30 (E.),
327 1293 78 24 Palais
420 1293 137 29 Carabacel,
572 1294 65 23 boul.
653 1293 30 24 de
697 1293 94 24 Cimiez.

116 1332 108 27 Bigeon
239 1333 34 21 de
288 1331 106 29 Coursy
409 1332 64 29 (C**),
488 1334 22 26 8,
526 1340 43 15 rue
582 1332 29 23 de
626 1333 81 23 Rome.

117 1371 108 27 Billing
241 1370 72 27 (B°–
326 1370 48 29 de),
389 1371 38 28 20,
441 1378 43 16 rue
498 1371 29 23 de
541 1371 98 24 France.

117 1409 65 21 Bise
197 1407 57 29 (Mm«
268 1407 47 31 de),
331 1408 57 24 villa
404 1408 197 31 Chrysanthème,
615 1416 44 16 rue
672 1409 95 23 Hérold.

117 1447 88 21 Blanc
220 1445 75 30 (M™'),
310 1450 68 19 route
392 1446 29 23 de
434 1447 97 28 France,
546 1447 59 23 villa
619 1447 45 23 Les
672 1446 123 24 Palmiers.

117 1485 129 26 Blettery
256 1483 68 30 (Fr.),
335 1485 22 27 5,
373 1491 41 16 rue
429 1484 84 24 Dante.

116 1522 111 27 Blonay
255 1521 49 30 (B°"
318 1522 76 30 Roger
412 1521 37 31 de)
471 1522 34 30 [et
518 1522 61 23 B<
598 1523 44 22 née
660 1521 165 31 Moricand],

145 1555 92 22 chemin
253 1555 28 23 de
295 1556 137 28 Brancolar,
447 1556 57 23 villa
517 1556 100 30 Blonay.

115 1595 123 21 Blondin
253 1593 76 30 (M™"),
344 1601 43 15 rue
401 1594 149 28 Rothschild,
565 1595 60 22 villa
637 1594 109 23 Blondin.

117 1634 102 21 Boivin
234 1633 158 29 (Capitaine),
408 1634 20 27 1,
443 1639 43 17 rue
500 1634 117 22 Palermo.

117 1674 139 21 Bonardel
272 1671 57 29 (G.),
343 1672 57 23 villa
416 1671 107 30 Bel-Air,
538 1674 22 27 5,
575 1672 65 23 boul.
656 1671 30 24 de
699 1671 96 24 Cimiez.

115 1711 108 22 Bonflls
238 1711 39 29 (D'
292 1711 47 29 L.),
353 1712 38 26 33,
407 1717 89 17 avenue
510 1710 29 24 de
554 1711 24 23 la
591 1710 70 24 Gare.

116 1749 156 23 Bonnières
287 1751 33 22 de
331 1751 112 21 Wierre
454 1748 50 29 (B™
517 1748 86 24 Ernest
621 1748 47 29 de),
688 1748 58 24 villa
766 1749 60 23 Bon-

145 1786 87 28 mères,
247 1794 88 17 avenue
352 1788 41 23 des
407 1787 91 24 Fleurs.

115 1826 179 27 Borriglione
305 1825 56 29 (M–
371 1825 101 29 Alfred),
481 1826 24 27 9,
514 1825 68 30 place
591 1824 108 24 Masséna
708 1826 35 29 [7.
755 1825 68 29 1-51].

113 1862 87 23 Botto
215 1862 28 30 (J.
264 1862 26 23 0.
307 1864 56 28 #,),
388 1863 90 24 Consul
495 1863 107 29 général
617 1863 30 29 de
676 1864 111 28 Turquie,
801 1865 23 26 4,

141 1900 56 30 quai
213 1900 83 23 Lunel.

113 1940 182 21 Bouldakow
311 1938 57 31 (Mm.
382 1940 48 28 de),
445 1941 37 27 49,
498 1946 42 16 rue
554 1939 30 23 de
598 1939 96 24 irauce.

112 1978 100 22 Boulie
228 1977 72 29 (C"–
314 1977 30 22 de
360 1977 41 30 la),
417 1978 38 28 31,
470 1984 42 16 rue
526 1976 78 24 Cotta.

114 2016 184 27 Boullangier
314 2015 57 30 (D'),
386 2017 22 27 2,
423 2015 67 31 place
504 2014 126 24 Grimaldi.

112 2055 114 21 Bounin
241 2053 86 31 (Paul),
343 2055 35 28 10,
393 2061 91 16 avenue
498 2053 115 24 Masséna.

112 2093 114 22 Bounin
240 2091 58 31 (G.),
314 2092 57 24 villa
386 2093 100 29 Bounin,
502 2094 36 27 15,
555 2100 90 16 avenue
661 2093 161 25 Désambrois.

112 2132 113 21 Bounin
240 2131 55 30 (B.),
311 2131 56 24 villa
380 2132 100 28 Bounin,
494 2133 23 29 3,
532 2139 43 16 rue
589 2131 41 24 des
642 2132 127 24 Pavillons.

112 2171 133 21 Bourbon
270 2169 45 30 (P"
341 2169 222 24 Louis-Ferdinand
587 2170 49 30 de),
662 2172 36 29 30,
724 2178 42 16 rue
793 2171 30 24 de

140 2198 113 31 Lépante.

883 193 250 22 Bourbon-Busset
1147 190 45 31 (C1"
1206 191 27 23 L.
1248 190 241 30 de),villaGraziella,
1502 197 88 17 avenue

912 229 109 31 Ljmpia.

883 271 251 21 Bourbon-Busset
1142 267 54 31 (Mlu
1208 268 119 24 Gabrielle
1336 268 47 29 de),
1395 268 58 23 villa
1466 267 123 25 Graziella.

884 310 109 20 Boutau
1002 307 49 29 (J.),
1061 307 201 24 Administrateur
1276 307 28 24 de
1314 307 23 23 la
1343 307 100 29 Banque
1453 307 28 23 de
1489 306 101 29 France,

912 340 91 24 chemin
1020 340 180 25 Saint-Charles.

883 381 193 21 Boutevillain
1089 381 34 21 de
1139 380 136 29 Grampré
1286 378 75 31 (Mm"),
1372 378 91 24 maison
1474 378 117 29 Colomae,

911 413 129 23 boulevard
1056 414 95 22 Carnot.

884 452 216 22 Bonxhœwden
1117 452 89 29 (Cl"ie),
1220 457 30 18 en
1260 457 28 18 sa
1297 453 68 26 villa,
1376 451 93 23 chemin
1477 451 41 22 des
1529 452 62 21 Bau-

911 485 94 20 mettes.

883 521 106 22 Brandt
1003 520 58 30 (D'),
1074 521 38 27 29,
1126 519 130 23 boulevard
1270 518 163 32 Victor-Hugo
1447 518 34 31 [35
1492 519 68 31 4-11].

883 560 142 22 Branicka
1048 557 72 30 (CU1"
1146 557 116 30 Ladislas)
1287 557 52 31 [née
1358 557 65 22 P"
1453 557 138 31 Sapieha],

911 599 89 16 avenue
1015 591 190 29 Saint-Lambert,
1218 591 40 29 (g)
1277 591 109 23 l'Oliveto
1401 591 33 31 [3;
1449 591 68 29 4-32).

883 632 97 21 Bresle
995 630 56 30 (M""
1066 630 48 29 de),
1129 630 57 23 villa
1200 630 81 29 Reine,
1292 630 38 28 27,
1341 636 91 17 avenue
1446 629 144 30 Monplaisir.

882 671 122 21 Bresson
1024 669 74 29 (V"
1119 668 38 30 de)
1178 668 52 30 [née
1251 669 31 22 du
1304 668 286 30 Hallay-Coétquen],

913 704 35 26 18,
963 709 90 17 avenue
1066 702 41 23 des
1122 702 91 28 Fleurs,
1228 702 57 23 villa
1299 702 131 23 Charlotte.

882 743 196 21 Broël-Plater
1092 740 45 30 (G"
1151 744 24 20 et
1189 740 62 24 C1""
1268 740 117 24 Stanislas
1399 740 49 28 de),
1462 740 129 23 boulevard

912 774 96 29 Carnot,
1023 774 57 23 villa
1095 774 131 23 Clairmont
1241 774 34 31 [T.
1288 774 76 31 7-62].

882 815 149 21 Brondeau
1046 812 56 31 (de),
1118 814 37 27 11,
1169 820 43 16 rue
1226 812 113 24 Emmanuel
1353 812 142 24 Philibert.

882 854 110 21 Brooks
1008 851 74 31 (Mm<),
1098 851 58 23 villa
1171 850 97 31 Réséda,
1279 851 129 23 boulevard
1423 850 29 24 de
1466 851 93 24 Cimiez.

882 893 123 20 Browne
1022 888 98 32 (S.-A.),
1136 892 13 20 4
1163 889 48 30 bis,
1226 896 89 16 avenue
1329 889 113 23 Masséna.

881 931 146 27 Bruderer,
1042 927 58 24 villa
1113 927 125 29 Bruderer,
1254 934 89 16 avenue
1357 928 41 22 des
1413 927 118 24 Mimosas.

881 970 140 25 Bucamps
1034 966 46 30 (B"
1091 966 29 24 de
1135 969 101 20 Contes
1250 966 47 29 de),
1309 967 22 27 5,
1346 973 20 15 r.
1380 966 41 23 des
1439 966 151 23 Ponchettes.

881 1005 103 24 Buchet
994 1005 67 30 (B"),
1077 1005 37 28 17,
1129 1011 43 17 rue
1185 1005 33 22 du
1232 1004 86 23 Palais.

881 1045 87 22 Budaï
978 1044 50 28 (B0»
1041 1043 48 30 de),
1100 1043 59 23 villa
1171 1043 44 23 Les
1222 1043 119 28 Liserons,
1353 1044 79 22 vallon
1442 1043 42 23 des
1499 1043 90 22 Fleurs.

881 1084 119 21 Burnett
1014 1081 74 30 (Mmt),
1100 1083 22 26 2,
1133 1088 89 16 avenue
1236 1081 159 28 Désambrois,
1411 1081 58 23 villa
1482 1081 106 23 Burnett.

880 1122 165 21 Butterfleld
1061 1120 58 29 (M.),
1132 1120 58 23 villa
1202 1120 114 29 Mariana,
1332 1120 95 23 Cimiez.

881 1160 167 22 Butterfleld
1063 1158 99 29 (Louis),
1178 1160 76 22 méme
1268 1158 105 24 adresse.

881 1198 165 28 Byszynski
1061 1196 38 30 (M.
1114 1201 25 19 et
1151 1196 47 23 M-'
1213 1197 49 28 de),
1277 1198 38 26 10,
1329 1203 44 17 rue
1387 1196 127 31 Ségurane.

880 1297 159 27 Cachiardy
1064 1298 34 21 de
1120 1297 174 27 Montfleury
1317 1296 41 29 (Le
1385 1295 136 30 chevalier),
1552 1296 37 27 14,

909 1339 69 20 route
992 1335 29 23 de
1036 1334 24 24 la
1074 1334 124 24 Corniche.

880 1375 219 23 Cadot-Mazure
1120 1373 37 29 (M.
1174 1377 24 19 et
1211 1373 66 29 M""),
1292 1374 38 27 32,
1345 1373 133 23 boulevard
1502 1371 89 25 Victor-

908 1412 74 30 Hugo.

879 1450 128 24 Calhariz
1035 1449 44 29 (C"
1108 1449 49 30 de),
1189 1449 57 23 villa
1258 1449 35 24 La
1316 1449 78 29 Perle,
1412 1455 42 17 rue
1479 1448 110 24 Dalmas-

907 1487 120 25 Edouard.

880 1527 129 27 Cappatti
1024 1525 133 30 (Auguste),
1172 1525 98 28 Avocat,
1284 1526 38 27 21,
1337 1532 43 16 rue
1395 1524 31 24 du
1441 1523 88 25 Palais.

880 1562 186 30 Carassale,A.
1136 1563 88 24 Consul
1238 1563 29 23 de
1280 1563 128 30 l'Urugay,
1423 1563 24 28 5,
1459 1563 36 28 rue
1511 1562 76 23 Cotta.

880 1602 188 23 Caravadossi
1082 1602 201 27 d'Aspremont
1297 1600 73 30 (C""#
1384 1600 49 30 de),
1445 1600 93 23 chemin
1548 1599 41 24 des

908 1639 144 28 Baumettes,
1067 1639 58 23 villa
1138 1639 34 23 La
1190 1639 70 23 Tour.

879 1681 89 26 Carey
984 1677 57 31 (Mm.
1055 1677 46 31 de),
1119 1679 50 28 109,
1184 1677 55 31 quai
1254 1677 32 23 du
1300 1677 64 23 Midi.

879 1719 83 21 Carlo
978 1715 130 32 (Annibal),
1123 1716 148 28 Architecte,
1286 1718 23 27 3,
1323 1723 44 16 rue
1380 1715 114 24 Masséna.

879 1758 93 21 Casati
992 1757 33 21 de
1047 1754 109 24 Casatis
1177 1754 124 30 (Charles),
1320 1754 147 31 promenade
1480 1754 45 32 des
1540 1754 45 32 An-

907 1790 60 29 glais
983 1790 94 28 (Cercle
1089 1790 31 23 de
1134 1791 24 22 la
1171 1789 195 29 Méditerranée).

879 1831 161 24 Cassagnac
1055 1826 36 28 (G.
1107 1827 50 29 de),
1224 1829 22 26 2,
1262 1833 44 17 rue
1319 1827 178 29 d'Angleterre.

879 1867 94 22 Castel
989 1865 71 29 (Ch.),
1075 1865 129 23 boulevard
1219 1865 28 23 de
1262 1865 95 27 Cimiez,
1374 1865 57 23 villa
1440 1864 87 23 Castel.

877 1906 103 20 Castex
1005 1904 39 28 (Le
1069 1903 102 24 Général
1193 1907 25 19 et
1237 1902 47 23 M-»'
1303 1902 103 30 Georges
1430 1902 49 29 de),
1501 1902 27 23 C.
1549 1902 38 29 <fc,

908 1936 55 23 villa
980 1936 92 28 Castex,
1088 1937 36 26 12,
1139 1935 130 24 boulevard
1286 1936 157 30 Dubouchage

877 1977 116 21 Catusse
1008 1974 75 30 (M»«>,
1106 1976 29 27 &
1156 1974 29 22 de
1200 1974 23 22 la
1232 1973 72 29 Tour,
1315 1973 140 23 Montboron
1470 1973 34 31 [7.
1515 1972 70 31 1-55].

877 2015 193 26 Caudemberg
1085 2012 40 30 (Dr
1138 2011 48 30 de),
1200 2013 38 26 43,
1253 2019 43 16 rue
1311 2011 77 24 Cotta.

877 2054 113 22 Cessole
1006 2051 73 30 (C'
1092 2050 114 23 Mathilde
1220 2050 48 29 de),
1286 2052 22 27 3,
1323 2050 68 31 place
1405 2050 180 24 Charles-Félix.

875 2092 114 22 Cessole
1004 2089 44 31 (C"
1061 2093 24 19 et
1100 2089 62 23 C1""
1176 2091 24 21 J.
1224 2090 144 27 Spitalieri
1382 2089 48 29 de),
1451 2089 92 23 chemin
1557 2089 29 22 de

906 2128 238 29 Saint-Barthélémy,
1159 2127 58 23 villa
1230 2127 29 23 de
1274 2128 103 23 Cessole.

875 2169 115 21 Cessole
999 2166 63 30 (Ch"
1070 2166 82 23 Victor
1159 2167 144 26 Spitaliéri
1310 2166 48 29 de),
1367 2166 130 23 boulevard
1513 2166 73 23 Gam-

903 2202 66 22 betta
982 2202 122 28 prolongé,
1120 2200 57 24 villa
1191 2199 70 24 Henri
1276 2201 29 23 de
1319 2200 102 24 Cessole.
