1749 2481
701 89 299 30 PARIS-MONDAIN

262 183 197 32 CHEMINS
496 182 51 32 DE
589 183 80 31 FER
716 183 51 31 DE
810 176 637 40 PARIS-LYON-MÉDITERRANÉE

668 232 136 25 HIVER
840 231 197 26 1907-1908

142 306 136 39 TRAINS
309 306 19 38 A
364 306 155 38 MARCHE
556 300 96 45 TRÈS
688 306 133 39 RAPIDE
860 306 115 38 ENTRE
1016 306 107 39 PARIS
1155 306 43 39 ET
1229 306 39 39 LA
1307 306 92 39 COTE
1430 307 132 38 D'AZUR

537 363 140 20 TRAJET
705 363 139 20 RAPIDE
874 363 47 19 EN
952 362 36 20 13
1018 363 150 19 HEURES

371 399 63 25 Soit
446 406 53 26 par
517 398 27 25 le
568 398 85 25 Train
668 398 33 25 de
711 398 69 34 jour
794 397 143 26 dénommé
953 398 15 25 «
983 398 63 25 Cote
1064 397 105 26 d'Azur
1186 398 95 33 rapide
1298 409 22 14 ».

320 440 90 30 Départ
433 440 29 23 de
486 440 75 23 Paris
576 442 14 20 à
604 440 26 29 ,9
643 440 26 29 h.
691 440 30 23 du
735 440 84 22 matin.
900 439 98 23 Arrivée
1024 441 14 21 à
1066 439 64 24 Nice
1153 441 15 20 à
1194 440 31 23 10
1238 440 23 23 h.
1279 440 29 23 50
1324 440 57 23 soir.

172 477 32 22 Ce
217 478 63 22 train
295 481 37 19 est
345 479 111 29 composé
472 478 28 22 de
514 478 108 22 voitures
636 480 16 20 à
664 477 81 31 bogies
760 481 24 19 et
797 479 14 21 à
825 478 90 22 couloir
925 478 30 22 de
965 478 24 21 la
1002 478 142 29 compagnie
1157 478 112 22 P.-L.-Jl.
1286 482 153 26 comprenant
1455 478 42 23 des
1510 479 54 28 pla-

144 514 36 16 ces
194 507 32 24 de
240 509 31 21 1"
282 508 75 23 classe
373 509 63 27 (sans
453 508 151 29 supplément
617 507 29 23 de
660 507 61 29 prix)
737 507 29 23 de
780 507 171 29 Lits-Salons,
968 507 56 23 d'un
1037 507 187 29 wagon-salon
1235 512 23 18 et
1272 507 56 24 d'un
1344 509 218 28 wagon-restau-

143 538 69 22 rant.

526 567 64 27 Soit
613 575 54 25 par
684 566 27 27 le
730 567 84 25 Train
834 566 33 26 de
886 566 74 26 Nuit
980 566 201 34 extra-rupide.

375 601 89 30 Départ
481 600 28 23 de
524 601 75 24 Paris
615 603 13 21 à
641 600 13 24 7
667 600 26 24 h.
710 600 30 24 20
754 600 56 23 soir.
868 600 99 23 Arrivée
983 602 14 20 à
1012 599 64 25 Nice
1092 602 13 20 à
1119 600 31 24 10
1164 601 24 22 h.
1204 599 29 24 30
1249 600 83 23 matin.

188 634 30 23 Ce
240 634 65 23 train
327 638 37 19 est
388 635 66 22 aussi
468 636 111 27 composé
594 634 28 23 de
640 633 106 23 voitures
766 634 28 23 de
819 636 32 20 1"
865 634 76 23 classe
956 635 13 21 à
983 633 82 30 bogies
1079 637 24 19 et
1125 638 14 18 à
1153 632 93 25 couloir
1273 635 63 28 (sans
1359 635 153 29 supplément
1535 634 28 23 de

145 663 70 30 prix),
227 664 28 23 de
270 664 106 24 voitures
390 667 14 21 à
420 664 171 28 Lits-Salons,
607 665 56 22 d'un
676 663 169 30 wagon-lits,
861 664 56 23 d'un
932 663 75 24 salon
1032 664 15 22 à
1061 664 46 23 lits
1122 664 129 29 complets
1274 668 24 19 et
1316 665 57 22 d'un
1399 670 165 23 wagon-res-

144 694 110 23 taurant
269 701 31 16 au
310 694 86 30 départ
409 694 30 23 de
454 694 78 23 Paris.

189 732 105 22 NOTA.
351 731 64 24 Pour
430 732 33 22 les
479 731 135 24 conditions
629 731 155 24 d'admission
801 736 24 19 et
842 731 33 23 les
889 731 109 31 périodes
1013 730 28 24 de
1057 730 58 24 mise
1137 738 29 17 en
1184 732 95 22 marche
1295 731 29 23 de
1341 738 38 16 ces
1402 735 87 25 trains,
1513 732 52 22 voir

145 761 35 24 les
196 762 97 23 affiches
310 762 115 30 spéciales
440 769 29 16 ou
486 763 32 22 les
533 762 158 23 indicateurs.

197 830 388 36 L'UrVEIR
626 830 69 35 A
737 831 131 35 L-A-
912 829 226 37 COTE
1182 830 337 36 :D'.A.ZTT:R

432 876 90 33 Nice,
544 876 147 32 t'annes,
711 876 66 31 lion
793 876 66 31 ton,
887 875 145 34 Hyèrcs,
1054 877 137 31 Grasse,
1212 880 63 22 ele.

255 933 70 31 Billets
343 932 69 31 d'aller
430 935 19 28 et
467 935 65 28 retour
550 933 97 30 collectifs
669 941 43 31 pour
736 932 84 32 familles
839 930 80 33 délivres
939 932 46 31 dans
1004 934 66 29 toutes
1087 932 28 29 les
1135 939 58 33 gares
1213 932 23 30 du
1255 930 67 33 réseau
1341 932 112 32 P.-L.-M.

384 973 23 23 1°
431 973 92 24 Billets
547 973 90 23 d'aller
663 975 27 21 et
711 976 94 21 retour
826 973 131 23 collectifs
982 974 32 22 de
1031 973 43 27 1",
1090 973 24 23 2'
1139 974 28 22 et
1187 974 23 22 3°
1230 973 98 24 classes

741 1003 109 23 Valables
864 1005 28 21 33
905 1003 67 29 jours

148 1043 54 16 avec
217 1037 87 23 faculté
321 1036 29 23 de
364 1036 167 31 prolongation
548 1036 70 23 d'une
633 1045 30 15 ou
681 1036 118 30 plusieurs
812 1036 110 31 périodes
937 1036 29 24 de
982 1038 27 21 15
1021 1036 76 30 jours,
1110 1040 146 26 moyennant
1270 1036 121 30 paiement
1401 1036 55 23 d'un
1466 1036 99 30 supplé-

148 1071 64 19 ment
226 1067 50 28 égal
292 1069 15 20 à
323 1067 27 22 10
365 1066 32 29 •/•
414 1066 31 23 du
460 1067 53 33 prix
527 1067 31 23 du
573 1066 69 24 billet
656 1073 60 23 pour
730 1067 89 29 chaque
833 1066 106 30 période.

192 1095 37 24 Ces
241 1095 87 24 billets
349 1099 55 19 sont
422 1095 103 24 délivrés
545 1095 31 23 du
595 1098 27 21 15
640 1096 95 23 octobre
754 1103 30 15 au
803 1098 27 20 15
845 1096 55 28 mai,
921 1102 54 16 sous
998 1094 122 23 condition
1134 1094 136 24 d'effectuer
1284 1102 31 15 un
1330 1095 125 23 minimum
1470 1095 29 24 de
1514 1102 52 23 par-

147 1132 68 17 cours
230 1125 85 30 simple
334 1126 29 23 de
384 1127 42 22 150
441 1126 146 27 kilomètres,
608 1132 45 17 aux
666 1125 102 23 familles
785 1125 53 23 d'au
857 1126 77 22 moins
948 1124 58 24 trois
1026 1131 128 22 personnes
1169 1129 132 26 voyageant
1314 1125 128 30 ensemble,
1458 1132 60 22 pour
1533 1126 33 22 les

149 1155 100 23 stations
278 1155 134 23 hivernales
443 1155 118 23 suivantes
614 1155 107 28 Toulon,
744 1154 103 23 Hyèdes
873 1159 24 18 et
917 1158 78 19 toutes
1018 1155 33 22 les
1072 1161 68 23 gares
1165 1154 87 23 situées
1272 1158 67 19 entre
1362 1154 205 24 Saint-Rapiuel-

149 1185 149 28 Valescdre,
315 1184 104 29 Grasse,
433 1185 59 23 NICE
505 1189 24 18 et
542 1185 102 22 MENTON
654 1184 189 23 inclusivement.

444 1240 24 24 2°
492 1240 91 24 Billets
599 1239 90 25 d'aller
703 1240 27 23 et
744 1242 95 21 retour
852 1238 132 24 collectifs
1000 1239 31 24 de
1045 1239 23 23 2"
1084 1240 28 21 et
1127 1239 26 23 3°
1168 1239 100 24 classes

685 1269 109 23 Valables
807 1269 110 30 jusqu'au
937 1270 27 21 15
980 1268 46 23 mai

338 1305 35 24 (Le
386 1309 84 19 coupon
483 1303 76 20 d'aller
573 1304 26 19 de
614 1309 36 14 ces
663 1303 75 20 billets
752 1303 55 20 n'est
820 1303 86 19 valable
921 1308 42 19 que
977 1303 29 19 du
1020 1303 32 19 i6e
1066 1303 87 19 octobre
1168 1308 26 14 au
1210 1303 24 20 15
1249 1303 126 24 novembre)

192 1338 45 23 Ces
250 1338 81 23 billets
345 1341 55 20 sont
413 1337 100 24 délivrés
529 1338 31 23 du
577 1340 33 21 1"
624 1338 95 22 octobre
742 1344 28 16 au
788 1338 27 21 15
830 1336 136 28 novembre,
988 1343 45 16 aux
1053 1336 101 24 familles
1177 1338 136 28 composées
1333 1336 53 24 d'au
1408 1336 76 24 moins
1508 1337 58 23 trois

149 1374 128 24 personnes
291 1372 132 26 voyageant
438 1368 127 27 ensemble,
586 1374 61 23 pour
665 1366 98 24 Toulon
780 1370 23 20 et
823 1370 80 20 toutes
922 1367 33 22 les
969 1373 68 23 gares
1052 1366 113 28 P.-L.-M.,
1180 1366 88 24 situées
1284 1373 30 16 au
1326 1366 55 23 delà
1394 1374 54 16 vers
1462 1366 103 25 Menton.

149 1392 32 29 Le
194 1403 113 24 parcours
322 1397 85 29 simple
423 1397 51 22 doit
483 1397 50 23 être
543 1397 52 22 d'au
608 1397 77 22 moins
697 1398 45 21 400
752 1397 145 22 kilomètres.

193 1449 33 22 Le
239 1447 52 30 prix
305 1446 41 24 des
360 1447 81 23 billets
452 1447 83 23 d'aller
549 1451 24 19 et
580 1451 81 19 retour
672 1447 115 23 collectifs
802 1447 109 29 indiqués
923 1446 120 23 ci-dessus
1054 1446 111 23 s'obtient
1179 1454 28 15 en
1216 1447 108 29 ajoutant
1338 1454 28 16 au
1382 1447 52 29 prix
1443 1446 30 24 de
1482 1451 85 25 quatre

150 1477 80 23 billets
244 1476 96 30 simples
353 1476 132 23 ordinaires
501 1478 69 28 (pour
583 1477 33 22 les
630 1476 61 22 deux
707 1476 128 29 premières
848 1477 136 28 personnes)
995 1476 21 22 le
1023 1476 53 30 prix
1086 1476 56 22 d'un
1155 1476 69 22 billet
1237 1476 85 29 simple
1336 1483 60 23 pour
1410 1476 23 23 la
1446 1476 121 24 troisième

150 1513 124 24 personne,
289 1506 24 22 la
326 1505 82 23 moitié
424 1506 29 22 de
468 1513 25 16 ce
506 1507 51 28 prix
572 1513 60 22 pour
645 1506 24 22 la
682 1505 131 29 quatrième
827 1510 24 18 et
860 1506 109 26 chacune
978 1504 41 24 des
1033 1505 131 23 suivantes.

194 1536 43 23 Les
253 1541 131 24 voyageurs
394 1538 41 19 ont
451 1535 23 22 la
490 1534 87 23 faculté
592 1535 28 22 de
635 1534 111 23 s'arrêter
759 1541 45 16 aux
814 1541 67 23 gares
895 1534 87 23 situées
999 1541 41 15 sur
1054 1533 138 24 l'itinéraire
1208 1538 22 18 et
1245 1534 131 23 desservies
1386 1541 44 24 par
1440 1535 50 23 leur
1503 1535 64 23 train

151 1570 13 20 â
178 1567 23 22 la
211 1564 120 25 condition
345 1564 30 23 de
384 1565 59 22 faire
454 1572 109 22 apposer,
576 1567 13 20 r
602 1564 116 28 l'arrivée,
734 1571 41 15 sur
784 1565 53 22 leur
849 1563 78 28 billet,
943 1564 22 23 le
980 1564 87 22 timbre
1081 1563 30 24 de
1125 1564 23 22 la
1161 1570 56 23 gare
1231 1566 30 21 où
1272 1564 30 23 ils
1315 1565 134 22 s'arrêtent.

345 1600 74 23 Faire
435 1599 23 22 la
472 1599 116 23 demande,
603 1598 42 23 des
663 1597 84 24 billets
761 1600 86 27 quatre
859 1598 71 28 jours
946 1597 13 24 à
972 1597 108 24 l'avance
1095 1598 13 22 à
1121 1598 27 22 la
1163 1604 58 22 gare
1235 1598 30 23 de
1282 1598 93 29 départ.

228 1669 171 39 CHEMINS
428 1670 45 36 DE
504 1669 68 37 FER
602 1669 45 37 DE
677 1668 111 38 PARIS
818 1668 19 38 A
868 1668 96 37 LYON
997 1668 47 37 ET
1070 1668 20 37 A
1122 1667 42 38 LA
1195 1660 296 46 MÉDITERRANÉE

233 1738 138 46 Voyages
399 1737 191 36 circulaires
614 1736 20 35 à
660 1737 186 35 itinéraires
872 1736 183 46 facultatifs
1072 1735 53 35 sur
1142 1735 35 35 le
1197 1735 117 35 réseau
1332 1736 160 36 P.-L.-M.

195 1795 18 22 Il
229 1799 37 19 est
278 1795 99 27 délivré,
391 1798 66 19 toute
472 1793 100 27 l'année,
586 1794 60 22 dans
660 1798 78 18 toutes
752 1793 34 23 les
796 1799 67 22 gares
876 1792 32 23 du
925 1794 83 21 réseau
1028 1792 121 28 P.-L.-M.,
1162 1792 40 28 des
1222 1797 94 18 carnets
1335 1792 145 24 individuels
1493 1801 31 15 ou
1538 1793 31 23 de

152 1824 90 23 famille
255 1830 60 23 pour
328 1824 113 22 effectuer
454 1829 41 16 sur
503 1829 26 16 ce
543 1823 82 22 réseau
640 1824 77 27 enlr%
733 1824 23 20 2e
770 1826 23 19 et
804 1824 23 20 3*
842 1821 96 29 classes,
947 1821 41 23 des
1002 1828 101 23 voyages
1110 1821 135 23 circulaires
1259 1824 14 20 à
1287 1822 136 23 itinéraires
1439 1824 78 21 tracés
1525 1829 44 23 par

153 1854 33 22 les
199 1859 131 23 voyageurs
353 1853 140 23 eux-mêmes
511 1859 56 15 avec
590 1859 112 22 parcours
719 1856 81 18 totaux
823 1851 54 23 d'au
895 1851 76 23 moins
992 1852 45 21 300
1059 1850 147 24 kilomètres.
1230 1851 42 23 Les
1294 1852 54 28 prix
1365 1852 30 23 de
1414 1859 38 16 ces
1475 1856 94 19 carnets

153 1886 147 25 comportent
314 1881 41 23 des
373 1882 139 23 réductions
526 1881 50 22 très
595 1883 160 26 importantes
773 1880 39 30 qui
831 1884 103 26 peuvent
954 1879 128 29 atteindre,
1097 1886 60 23 pour
1177 1880 33 22 les
1233 1885 93 18 carnets
1343 1881 124 27 collectifs,
1482 1882 29 22 50
1524 1881 45 30 0/0

153 1912 29 22 du
196 1911 60 23 tarif
268 1911 101 22 général.

197 1941 33 22 La
244 1930 97 33 validité
356 1939 28 23 de
395 1947 37 16 ces
446 1944 93 19 carnets
553 1944 36 18 est
602 1939 30 23 de
646 1941 42 21 30
701 1942 96 25 jours,
810 1938 94 30 jusqu'à
916 1939 57 21 l."00
983 1937 150 29 kilomètres;
1151 1937 33 30 45
1200 1937 99 30 jours,
1313 1938 29 22 de
1358 1939 53 22 1501
1429 1941 12 21 à
1457 1940 59 19 snno
1528 1939 40 22 ki-

153 1970 100 27 lomètres
297 1970 33 28 60
346 1970 99 28 jours,
462 1976 61 23 pour
536 1969 54 30 plus
604 1968 30 23 de
648 1969 58 22 3000
720 1968 144 23 kilomètres.

198 1999 94 23 Faculté
307 1998 28 23 de
345 1999 173 29 prolongation,
529 2000 14 22 à
558 2000 64 22 deux
636 1998 115 29 reprises,
763 1997 28 23 de
807 1998 36 28 15,
855 1998 24 28 23
894 2004 30 15 ou
939 1998 28 21 30
979 1996 67 31 jours
1060 1995 94 24 suivant
1169 1996 21 23 le
1204 2003 47 20 cas,
1263 2001 146 26 moyennant
1420 1998 21 22 le
1448 1998 122 30 paiement

153 2029 56 23 d'un
223 2030 149 28 supplément
387 2026 50 32 égal
454 2031 14 20 à
482 2030 28 21 10
523 2029 44 29 0/0
580 2028 32 23 du
626 2028 52 29 prix
691 2027 59 23 total
765 2027 31 23 du
810 2031 89 23 carnet,
919 2032 60 23 pour
993 2027 90 28 chaque
1097 2026 173 29 prolongation.

196 2059 83 22 Arrêts
295 2055 129 26 facultatifs
439 2060 14 20 à
468 2062 78 19 toutes
561 2058 34 22 les
608 2064 66 23 gares
688 2056 87 24 situées
789 2063 41 15 sur
845 2056 146 23 l'itinéraire.

196 2089 62 22 Pour
271 2095 25 16 se
310 2095 112 23 procurer
436 2095 30 15 un
481 2091 82 20 carnet
578 2086 131 24 individuel
729 2093 29 15 ou
777 2086 111 27 collectif,
904 2086 17 22 il
936 2085 66 23 suffit
1020 2084 30 24 de
1068 2089 79 19 tracer
1165 2091 40 17 sur
1219 2092 45 16 une
1279 2089 64 19 carte
1357 2086 41 29 qui
1413 2089 36 20 est
1463 2086 106 24 délivrée

153 2118 168 29 gratuitement
342 2118 59 23 dans
424 2121 77 20 toutes
523 2118 34 23 les
577 2124 67 23 gares
664 2116 122 28 P.-L.-M.,
805 2116 103 23 bureaux
927 2115 30 23 de
980 2115 56 23 ville
1055 2119 23 19 et
1101 2122 98 22 agences
1218 2114 30 23 de
1271 2122 111 23 voyages,
1399 2115 21 24 le
1442 2123 90 24 voyage
1556 2120 14 20 à

153 2148 112 23 effectuer
277 2152 24 18 et
314 2147 128 31 d'envoyer
455 2151 61 19 cette
530 2151 72 24 carte,
614 2148 13 20 5
639 2147 68 29 jours
725 2149 72 19 avant
811 2147 21 21 le
850 2146 93 29 départ,
959 2147 14 20 à
988 2145 23 22 la
1028 2151 54 24 gare
1096 2147 30 19 où
1143 2145 20 21 le
1182 2145 87 30 voyage
1283 2145 58 30 doit
1359 2146 49 22 être
1423 2148 145 29 commencé,

153 2185 29 15 en
194 2177 109 30 joignant
315 2180 15 20 à
345 2181 37 19 cet
395 2177 68 23 envoi
480 2184 45 16 une
539 2177 162 29 consignation
716 2176 29 23 de
761 2178 27 20 10
802 2175 85 23 francs.

196 2207 32 22 Le
242 2206 62 23 délai
318 2206 29 23 de
361 2206 116 24 demande
484 2210 36 19 est
529 2206 80 23 réduit
615 2207 15 21 à
643 2206 12 30 2
667 2206 62 30 jours
747 2204 145 31 (dimanches
901 2208 23 19 et
934 2204 58 23 fêtes
1003 2211 46 16 non
1060 2204 110 29 compris)
1182 2210 60 24 pour
1250 2204 116 23 certaines
1381 2205 100 30 grandes
1491 2212 75 24 gares.
