1749 2481
1012 118 195 32 Miromesnil
1226 117 72 42 (rue
1317 117 51 41 de)

280 124 150 32 Mézières
445 123 72 40 (rue
537 121 50 40 de)

250 209 203 33 MÉZIÈRES
477 215 66 33 (rue
566 213 51 34 de)

235 270 41 21 VI«
286 270 52 21 Arr.
352 274 24 18 «-
390 269 50 21 Rue
448 268 133 26 Bonaparte
602 267 32 21 78.

96 366 12 18 8
134 363 40 20 V"
189 363 104 25 Georges
308 368 30 14 DE
354 360 253 23 SAINT-GERMAIN.

240 480 296 28 MICHEL-ANGE
551 478 78 33 (rue)
667 476 16 18 v

109 536 63 21 XVIe
181 536 52 22 Arr.
246 536 26 22 <-
281 534 51 21 Rue
341 533 122 26 d'Auteuil,
472 533 18 21 5.
500 536 26 18 ->
535 531 133 21 Boulevard
677 530 83 21 Murat.

210 573 107 20 Paroisse
354 571 166 22 Notre-Dame
529 568 133 22 d'Auteuil.

98 659 12 18 6
137 658 29 19 M.
177 660 23 16 et
209 657 49 19 M»»
269 656 24 20 F.
305 655 106 21 MATHET
459 653 231 22 Durand-Fornas.

137 690 29 20 M.
177 691 23 18 et
208 690 51 19 M»«
269 689 24 20 E.
309 688 108 21 MATHET
464 686 121 27 Seheffer.

89 725 18 19 il
137 723 29 20 M.
183 724 22 18 et
219 722 50 21 M»"
282 722 81 20 Albert
380 720 94 21 GILLOU
521 719 114 21 Durand.

137 757 30 20 M.
183 756 78 20 Pierre
277 755 118 21 GILLOU.

87 790 40 19 7.4
140 790 27 19 M.
180 789 26 20 et
219 789 39 20 M»'
274 788 137 21 D'AGOEN.

88 824 24 19 78
137 823 31 20 M.
184 825 22 17 et
216 823 49 20 M»«
279 823 101 20 Fortuné
396 821 137 21 PAILLOT.

288 941 166 25 MICHON
475 939 100 33 (villa)

225 991 21 20 X
254 991 39 20 VI-
308 990 49 21 Arr.
373 994 24 19 ̃
411 990 50 20 Rue
476 989 126 25 Boissière,
616 987 30 22 29.

102 1067 11 18 li
139 1065 39 21 V"
192 1065 103 22 et.V1""
309 1064 141 22 PAULTRE
465 1070 31 14 DE
510 1062 128 22 LAMOTTE
696 1062 93 26 Rougé.

294 1175 195 25 MIGNARD
505 1173 81 33 (rue)

128 1229 63 21 XVI"
200 1229 51 21 Arr.
267 1228 123 26 (Muette).
403 1228 27 26 <-
443 1228 82 26 Avenue
542 1225 171 26 Henri-Martin,
723 1225 33 22 85.

205 1266 108 21 Paroisse
349 1265 187 22 Annonciation
546 1264 28 21 de
584 1264 88 27 Passy.

89 1348 23 20 11
140 1346 49 21 M»'
199 1346 94 26 Eugène
303 1346 106 21 MANUEL
456 1345 101 21 Hineh.
700 1343 91 26 (Mardi,

245 1382 32 18 1"
291 1382 21 17 et
325 1380 22 19 3«
359 1379 142 21 Dimanches
511 1380 29 19 de
553 1378 128 21 Décembre
695 1379 14 19 à
718 1377 72 26 Mars]

300 1492 137 24 MILAN
453 1491 65 33 (rue
533 1490 49 32 de)

117 1544 41 21 IX»
167 1545 52 20 Arr.
230 1544 216 26 (Saint-Georges).
459 1544 27 26 <r
501 1544 50 20 Rue
562 1544 27 19 de
601 1543 90 26 Clichy,
700 1543 66 20 31-33.

253 1586 26 18 ̃+
289 1581 50 22 Rue
349 1581 177 25 d'Amsterdam,
534 1581 26 20 46
569 1584 23 17 et
600 1581 31 20 48.

266 1624 106 20 Paroisse
413 1622 202 23 Sainte-Trinité.

104 1713 13 20 5
144 1712 29 22 M.
185 1713 83 21 Ernest
278 1712 123 22 CAUVIN.

142 1746 30 20 M.
185 1746 69 20 Louis
268 1746 121 20 CAUVIN.

143 1779 29 20 M.
184 1781 22 18 et
216 1779 49 19 M»«
277 1779 102 20 Gustave
390 1779 64 20 PRAT
503 1779 105 20 Cauein.

95 1814 20 18 11
144 1812 29 20 M.
185 1814 22 18 et
221 1812 50 20 M–
284 1812 79 20 Albert
375 1811 308 22 ESNAULT-PELTERIE.

92 1846 23 19 11
123 1844 36 22 bis
167 1845 42 21 B">
218 1846 22 19 et
249 1845 64 20 B-»»«
323 1850 30 15 DE
365 1844 167 21 LESPARDA,

144 1877 30 20 M.
189 1880 22 17 et
221 1877 50 20 M"
286 1877 24 20 P.
322 1882 45 15 van
377 1877 41 19 der
428 1876 145 21 VRECKEN
585 1882 31 15 de
626 1876 129 22 BORMANS

172 1911 12 20 V
192 1909 75 22 ëtian.

144 1942 28 22 M.
186 1942 70 22 Félix
270 1942 98 22 VOISIN.

95 1978 22 20 1-2
145 1977 65 21 O–
223 1982 32 14 DE
270 1974 324 23 L'ANGLE-BEAUMANOIR
641 1975 151 25 Lisleferme.

145 2011 35 21 C>"
191 2010 105 20 Fernand
307 2015 30 15 DE
347 2008 353 22 L'ANGLE-BEAUMANOIR.

144 2044 30 20 M.
189 2045 22 19 et
221 2043 50 21 M»»
281 2043 64 20 René
359 2042 116 21 MADELIN
530 2042 111 26 Clacerg.

94 2078 24 21 14
132 2077 37 21 bis
179 2077 29 20 M.
224 2077 66 20 Sam.
304 2075 107 22 RECHT.

144 2111 31 21 M.
186 2111 107 22 Maurice.
304 2110 107 22 RECHT.

146 2145 31 20 M.
191 2147 22 17 et
223 2144 50 20 M»»
283 2144 103 19 Maurice
401 2143 116 20 THIERRY
570 2143 116 27 Galappe.

94 2179 25 21 15
146 2177 39 21 V"
199 2180 21 17 et
231 2177 69 20 V*
309 2177 64 20 René
385 2182 30 14 DE
426 2176 121 21 CARFORT
593 2176 123 26 Pindray.

979 210 262 26 MIROMESNIL
1257 209 67 33 (rue
1339 208 48 34 de)

839 264 60 21 VIII"
910 264 50 21 Arr.
972 264 146 26 (Madeleine
1129 267 21 17 et
1160 264 116 26 Europe).
1286 266 25 19 •<-
1321 263 68 20 Place
1404 263 138 20 Beauveau.-

986 298 25 23 ->
1023 298 63 23 Boul.
1101 298 27 20 de
1138 297 141 26 Courcelles,
1290 298 25 20 13
1324 299 22 18 et
1355 297 30 21 15.

1012 339 134 21 Paroisse:
1159 338 215 28 Saint-Augustin.

850 425 12 19 2
888 424 37 20 O
934 425 27 19 A.
971 423 127 21 CASSINI.

887 455 49 21 M»«
946 455 141 26 Marguerite
1098 455 125 20 CASSINI.

888 488 30 21 M.
935 491 21 17 et
968 487 48 21 M–
1029 488 82 20 Albert
1122 487 152 21 LAURANS.

887 522 65 20 B«»«
968 521 34 21 LE
1014 521 120 22 LASSEUR
1180 521 83 21 Janzé.

850 556 12 18 i
890 555 28 20 M.
934 557 22 17 et
970 555 48 19 M».
1033 555 79 19 Alfred
1127 554 185 21 GOLDSMITH.

837 589 25 19 14
888 588 30 20 M.
930 590 23 18 et
962 588 49 20 M««
1021 588 81 20 Victor
1112 587 163 21 HENNECART
1323 587 105 20 Pichon.
1445 585 98 27 [Mardis

837 621 26 21 18
889 621 36 21 C"
950 621 102 27 Ludovic
1069 620 169 21 D'AUBIGNY.

888 655 65 20 B«»«
967 654 105 21 Fernand
1087 661 33 14 Du
1135 654 135 21 CIIARMEL
1319 653 118 21 Fournès.

889 688 30 19 M.
935 691 22 16 et
976 688 49 19 M»«
1048 688 56 19 Paul
1128 683 188 24 FESTUGIÈRES
1373 686 171 21 Saint-Mare-

916 720 130 22 Girardin.

891 753 35 21 C"
937 757 22 17 et
972 753 66 21 0"
1048 759 31 15 DE
1089 753 123 21 LAGARDE
1263 752 176 22 Saint-Geniés.

890 787 42 20 B°=
942 789 23 19 et
975 787 63 20 B-«"
1049 786 25 21 G.
1089 793 32 15 DE
1135 787 39 21 LA
1189 780 114 28 VILLÉON
1352 787 124 25 Lagarde.

891 820 29 21 M.
928 821 76 19 etM««
1011 821 40 20 Ch.
1058 820 187 21 PERCHERON
1251 826 31 15 de
1288 820 251 27 MONCHY.'Amotoj/.

839 853 26 21 19
891 853 29 21 M.
932 853 86 21 Robert
1027 851 194 24 BONNEVILLE
1232 860 31 14 DE
1271 853 180 21 MARSANGY.

839 888 26 20 20
891 887 36 21 O
938 889 21 19 et
970 887 65 21 C'
1046 886 105 26 Georges
1161 887 133 21 D'ASTIER
1309 886 103 22 d'USSEL
1462 886 80 21 Mari-

915 923 79 18 eourt.
1410 919 131 26 [Mercredil

840 955 22 20 21
891 954 31 21 M.
932 956 23 19 et
965 955 49 19 M»»
1025 955 76 20 Pierre
1112 960 31 14 DE
1153 955 38 20 LA
1202 949 202 25 SABLONIÈRE:
1417 953 123 21 Gautron..

1406 986 130 27 [Mercredi]

840 1021 26 20 29
892 1021 42 19 B«
943 1024 22 17 et
975 1022 63 19 B««
1049 1027 44 15 DES
1104 1021 158 22 CHAPELLES
1308 1020 138 26 Desoignes.
1458 1019 81 26 [Jeudi]

840 1055 23 19 31
892 1054 30 20 M.
938 1058 22 16 et
974 1054 49 20 M™
1042 1054 127 20 Guillaume
1181 1059 30 14 nE
1235 1053 116 20 BRIGNAC
1410 1054 130 19 Lastoun.

893 1087 35 21 O
940 1088 21 20 et
971 1088 66 20 C4""»
1047 1093 31 15 DE
1094 1087 138 20 LASTUURS
1282 1086 117 21 Monbel..

893 1120 98 21 Général
1005 1120 39 21 V«"
1059 1124 21 17 et
1090 1120 68 21 V"–
1169 1119 176 22 deLASTOURS
1395 1118 152 24 Quincieuœ

894 1154 42 20 B»»
951 1160 32 15 DE
997 1153 169 22 LASTOURS.

893 1188 30 20 M.
934 1190 22 17 et
966 1187 48 20 M»«
1024 1180 94 28 Étienne
1130 1187 157 20 TRtlBERT:
1300 1185 125 22 Gaillard.

841 1220 26 21 33
893 1220 30 21 M.
940 1223 21 17 et
975 1220 50 20 M"
1043 1226 32 14 DU
1094 1220 111 20 BREUIL
1229 1225 32 14 DE
1279 1218 226 23 SAINT-GERMAIN

920 1254 112 21 Trubert.
1104 1253 81 26 [Lundi
1195 1255 23 18 et
1228 1252 109 21 vendredi
1347 1254 68 25 après
1424 1253 12 21 5
1446 1251 93 27 heures]

893 1287 30 22 M.
940 1288 58 21 Jean
1016 1294 33 15 Du
1063 1287 112 21 BREUIL
1190 1293 31 15 de
1236 1285 248 23 SAINT-GERMAIN.

894 1321 29 20 M.
935 1321 78 20 Pierre
1023 1326 33 16 Du
1066 1321 111 20 BREUIL
1188 1326 31 15 DE
1230 1320 247 21 SAINT-GERMAIN.

841 1360 26 20 34
894 1359 37 21 C'«
940 1362 22 18 et
971 1359 66 21 C«""
1046 1359 136 20 Adhéaume
1192 1365 31 15 DE
1238 1351 170 28 CHEVIGNÉ:
1418 1356 72 22 Sade.

894 1392 35 20 C'«
945 1393 110 23 François
1069 1397 31 15 diî
1115 1385 162 27 CHEVIGNÉ.

843 1426 24 20 44
895 1426 65 19 C'«"
970 1425 106 20 Frédéric
1087 1431 30 14 DE
1129 1424 99 21 L'AIGLE
1269 1424 129 20 Gramont.

896 1456 35 22 C<-
946 1458 70 20 Louis
1028 1463 30 14 DE
1072 1456 119 21 L'AIGLE.

843 1491 25 21 46
895 1490 36 21 C"
942 1490 166 22 d'ARCIIIAC.

896 1523 35 21 C"
942 1529 30 15 dk
982 1522 304 22 VERNOU-BONNEUIL.

843 1558 25 20 49
895 1557 48 20 M»1
957 1556 81 21 Alfred
1049 1556 141 21 BRICARD.

895 1590 30 21 M.
940 1590 88 21 Gaston
1043 1589 141 21 BRICARD.

896 1623 29 21 M.
938 1626 21 17 et
969 1622 48 21 M-
1028 1615 72 28 Emile
1111 1622 117 21 COLLIN.

896 1657 29 20 M.
936 1657 88 20 Marcel
1039 1656 118 21 COLLIN.

896 1691 29 20 M.
941 1693 23 18 et
978 1691 49 20 M»»
1042 1691 104 25 Georges
1161 1689 157 21 GAYRAUL).

844 1725 25 22 50
895 1724 49 21 M-
957 1724 27 21 A.
997 1723 154 22 PAULTRE:
1163 1723 105 21 Guiard.
1454 1721 96 27 [LundiJ;

895 1758 49 20 M"
954 1751 240 28 VALLÉRY-RADOT
1245 1751 94 26 Guiard.

843 1793 24 19 51
894 1791 42 20 M"«
950 1794 21 17 et
984 1791 51 19 M'"
1050 1796 30 14 de
1090 1789 161 26 QUINEMONT
1306 1789 141 21 Tréveneue.

844 1824 25 20 59
896 1824 29 20 M.
937 1827 22 16 et
969 1824 48 19 M»"
1028 1824 104 24 Georges
1144 1823 100 19 MARTIN
1288 1823 111 19 Ledoux.
1451 1822 91 25 [Mardi]

895 1856 30 20 M.
938 1859 22 17 et
969 1855 49 20 M«
1032 1861 31 15 DE
1072 1854 126 21 MASSARY
1246 1854 109 26 Jacquot
1413 1853 137 26 [Mercredi],

845 1889 25 21 60
897 1888 37 21 C1»
948 1891 22 18 et
984 1888 66 21 C'
1064 1887 102 21 Gontran
1182 1893 30 14 DE
1228 1886 108 22 CHABOT
1386 1886 117 21 Esterno.

844 1923 23 18 61
896 1922 30 19 M.
938 1925 22 16 et
969 1922 49 19 M»'
1029 1922 102 19 Maurice
1142 1920 286 21 ARCHAMBAL'LT-UU
1437 1921 38 19 ÏO1

896 1955 30 20 M.
942 1954 68 21 Léon
1027 1954 119 21 MARION.

896 1988 29 20 M.
944 1987 26 21 et
983 1987 39 21 M»"
1031 1987 27 21 G.
1069 1986 134 21 RIVOLLET
1254 1985 293 27 Archambaul^Guyot..

844 2022 26 20 62
896 2021 29 21 M.
938 2024 22 18 et
969 2021 30 21 M™
1014 2021 75 21 Jules
1101 2020 201 22 DESJARDINS:
1320 2019 174 25 Warenghien.

845 2055 25 19 64
896 2054 41 20 V"
947 2058 23 16 et
979 2054 68 20 V»""
1058 2055 88 20 Gaston
1157 2049 125 25 d'AVÉNE
1292 2057 30 15 DE
1331 2051 162 22 FONTAINE.

1332 2085 103 26 [Samedi
1444 2082 37 23 av.
1491 2086 12 19 4
1513 2083 30 28 h
1537 2086 6 25 ]

896 2113 31 20 M.
940 2113 103 26 Jacques
1053 2113 166 20 BAUDRIER.

896 2147 30 20 M.
941 2149 24 17 et
978 2147 49 20 M»"
1042 2147 85 20 Marcel
1141 2145 96 21 BILARD
1284 2144 77 21 Jodin
1370 2144 27 20 de
1408 2144 142 21 Feissolles..

1433 2177 117 27 (Samedi],
