1749 2481
1183 88 69 30 BOS

406 90 75 30 BON

80 180 80 24 BONY
184 180 29 23 de
236 180 164 24 LAVERGNE
423 181 137 31 (Raymond
586 181 48 30 de),
659 182 149 23 Lieutenant

107 216 159 23 d'Artillerie
282 216 33 30 [et
329 216 49 23 M-
394 218 43 21 née
448 216 115 23 d'AILLY
581 216 37 23 DE
634 216 172 31 VEBNEUIL],

111 251 90 22 mêmes
216 250 119 24 adresses.

80 290 80 23 BONY
178 290 28 23 de
223 290 164 24 LAVERGNE
401 290 57 29 (Léo
473 291 48 29 de),
537 292 90 22 mêmes
642 291 119 23 adresses.

78 328 81 24 BONY
173 328 29 24 de
217 328 164 25 LAVERGNE
404 329 52 30 (Th.
478 329 89 24 Adrien
588 329 47 31 de),
660 331 148 23 Lieutenant

108 363 166 29 d'Artillerie,
291 364 90 23 mêmes
393 363 117 24 adresses.

78 401 98 25 BOONE
200 402 134 29 (Gustave),
346 403 148 23 Lieutenant
517 403 165 30 d'Infanterie
708 404 33 30 [et
757 403 49 23 M™8

107 437 44 22 née
165 436 205 31 TRANCHANT],
390 438 38 27 28,
443 444 43 16 rue
500 437 88 23 Barbet
604 438 29 22 de
652 435 151 33 Jouyty»')-

77 475 94 23 BOPPE
189 475 86 30 (Paul),
291 477 38 27 27,
345 483 90 16 avenue
450 476 100 23 d'Antin
568 478 72 28 (vm«)
706 478 98 22 H-UA

76 514 95 23 BOPPE
187 515 125 30 (Auguste)
329 514 33 31 [et
376 514 48 23 M–
435 516 43 21 née
494 515 97 23 Yvonne
605 510 198 36 PRÉVOST],66,

105 548 132 23 boulevard
252 549 29 23 de
292 549 137 23 Gourcelles
445 550 86 29 (xvii").

75 587 204 24 BORCHGRAVE
295 588 145 23 d'ALTENA
452 589 44 29 (C"
509 589 75 23 Paulo
595 589 37 30 de)
642 589 33 31 [et
686 589 64 24 C">–
760 590 43 23 née

104 622 31 23 du
164 622 155 31 PASSAGE],
348 624 38 28 81,
402 629 43 17 rue
468 622 30 24 de
522 623 23 24 la
567 623 53 30 Loi,
643 625 15 22 à
681 623 122 24 Bruxelles

106 656 142 31 (Belgique).

76 695 79 24 BORD
185 695 122 30 (Gustave)
338 696 33 30 [et
394 696 48 24 M"
462 697 43 23 née
538 697 42 23 des
614 692 187 35 YALLIÈRES],

106 731 53 26 145,
175 737 44 16 rue
233 730 30 23 de
277 731 23 22 la
315 730 89 30 Pompe
420 731 67 29 (xvi")
510 736 18 18 –
546 736 37 18 et
606 733 28 27 fa
658 731 41 23 des
725 732 78 22 Char-

102 764 90 29 milles,
212 769 34 21 Si
263 764 179 24 Saint-Nazaire
454 765 239 30 (Loire-Inférieure).
746 767 55 23 UA

76 802 101 24 BORDA
194 803 113 30 (Gustave
336 804 48 30 de),
410 806 37 27 16,
478 812 43 16 rue
547 805 138 31 Montaigne
700 807 81 28 (vnr).

677 841 124 23 AC-UA

76 872 102 23 BORDA
195 873 45 30 (Cu
254 873 84 23 Alfred
354 874 48 29 de),
418 876 21 26 7,
456 882 41 15 rue
512 875 95 30 Vignon
624 876 81 29 (vm-).
759 877 41 28 Sp

75 911 99 24 BORDE
185 911 139 31 (Edmond),
332 915 37 25 77,
379 920 42 16 rue
431 913 30 23 de
469 914 80 31 Prony
558 914 78 29 (xvn")
647 914 36 32 [S
696 914 103 31 552.25],

111 946 30 29 fa
156 946 60 29 Bois
242 947 29 23 de
293 947 172 29 Saint-Martin,
496 949 38 30 El
553 949 38 30 ^=
614 949 35 30 [S
668 954 24 18 n°
707 949 38 31 15]
760 950 40 27 ëB

107 981 241 24 Villiers-sur-Marne
366 983 236 30 (Seine-et-Marne).

73 1019 166 25 BORDEAUX
255 1021 111 29 (Albert),
386 1023 36 26 14,
436 1029 91 16 avenue
545 1022 172 24 Henri-Martin
729 1022 70 30 (xvi«)

103 1053 33 30 [J
151 1055 93 30 697.33]
304 1059 24 19 et
350 1057 29 27 fa
401 1056 29 23 de
448 1056 113 28 Brestels,
582 1061 34 20 El
637 1057 162 29 Bourg-le-Roi

102 1087 115 31 (Sarthe).
704 1091 95 23 AC-H

71 1126 165 24 BORDEAUX
252 1127 131 31 (Georges),
400 1129 126 23 Auditeur
545 1136 32 16 au
593 1129 99 24 Conseil
706 1126 93 32 d'État,

102 1160 33 31 [et
152 1161 48 23 M™'
216 1163 42 22 née
275 1162 177 32 MOUSSOUS],
470 1165 38 28 72,
525 1163 133 24 boulevard
677 1163 29 24 de
722 1164 77 23 Cour-

103 1195 73 24 celles
188 1197 88 28 (xvn«).
746 1200 52 22 AL

73 1234 160 24 BORDEREL
265 1236 72 30 (Jean)
436 1237 21 23 A
483 1237 41 31 ||,
549 1237 35 31 [et
608 1237 49 23 M-
673 1239 44 22 née
730 1238 69 23 BER-

102 1269 124 31 TRAND],
238 1272 36 27 16,
286 1278 44 16 rue
341 1271 83 23 Alfred
435 1271 30 24 de
480 1271 80 31 Vigny
578 1272 68 30 (vin-)
668 1272 130 31 [2568-84]

98 1305 96 23 -villa
207 1305 118 31 Myosotis
339 1308 14 20 à
368 1305 200 25 Villers-sur-Mer
584 1307 66 30 [3?n°
665 1307 23 31 3]
703 1307 96 31 (Calva-

102 1338 62 31 dos).
747 1343 50 23 AC

69 1376 196 26 BORDERIEUX
280 1378 119 31 (Philippe
415 1379 47 30 de),
474 1380 36 28 18,
520 1386 90 18 avenue
626 1380 170 31 Kléber(xvi').

70 1416 118 24 BORDES
203 1417 152 29 (Alexandre)
379 1418 33 30 [et
429 1418 48 24 M»'
493 1418 48 24 née
560 1419 237 24 BERTERA-WAP-

99 1450 95 30 PERS],
210 1452 40 27 26,
265 1450 44 25 rue
323 1450 29 25 de
370 1452 94 23 Madrid
480 1453 71 28 (vm«)
568 1452 34 30 [7.
623 1454 102 30 511.40].

69 1489 118 23 BORDES
197 1489 120 30 (M»«),S1,
325 1497 90 16 avenue
423 1491 136 30 Montaigne
569 1492 69 28 (vin")
649 1492 34 29 [7.
692 1493 103 29 501.37].

69 1527 118 24 BORDES
202 1529 59 29 (A.),
278 1531 26 20 11
321 1529 48 28 bis,
381 1536 43 16 rue
433 1529 30 23 de
472 1529 81 31 Prony
561 1530 123 30 (xvii»)[3î
693 1531 103 30 540.19].

70 1566 117 24 BORDES
202 1567 113 30 (Ernest),
392 1568 33 30 [et
444 1568 49 23 M-
510 1570 44 21 née
577 1569 152 31 LARROUY],
745 1569 50 31 87,

99 1607 43 17 rue
165 1601 105 31 Ampère
293 1603 87 28 (xvn\)
455 1606 24 19 et
506 1605 29 26 fa
562 1603 109 28 d'Orion,
696 1604 39 31 El
754 1604 39 31 ^=

100 1635 281 30 Sauveterre-de-Béarn,
406 1639 14 20 8
444 1637 44 23 kil.
512 1638 226 31 (Basses-Pyrénées

101 1670 39 31 [M]
157 1671 210 24 Salies-de-Béarn.
672 1673 126 24 AL-UA

70 1708 119 25 BORDET
205 1709 106 31 (Lucien)
329 1710 33 31 [et
377 1710 49 24 M–
440 1712 43 23 née
503 1711 145 31 RAVEAU],
668 1713 52 28 181,
735 1712 62 24 bou-

102 1744 82 24 levard
198 1744 192 26 Saint-Germain
406 1746 52 30 (vi")
473 1745 34 31 [35
525 1746 104 31 701.99].
743 1748 55 22 UA

69 1783 97 24 BOREAL
181 1791 30 16 DE
226 1784 85 24 RoiNCÉ
356 1786 53 22 voir
424 1785 100 24 RoiNCÉ.

69 1816 230 35 BORÉ-VERRIER,
316 1825 43 22 née
373 1824 116 23 SUCI1ET
506 1824 56 30 (M-
577 1825 24 23 la
611 1825 132 30 Générale),
756 1825 39 30 19,

99 1856 133 23 boulevard
244 1857 29 22 de
288 1857 35 23 La
336 1858 213 30 Tour-Maubourg
562 1859 69 30 (vn°).

69 1890 87 28 BORE-
173 1890 122 28 VERRIER
323 1896 141 30 (Raymond)
494 1897 33 29 [et
547 1897 48 23 M-»
611 1897 48 23 née
678 1898 29 22 de
723 1898 75 23 KER-

101 1928 179 31 MAINGANT],
296 1931 76 21 même
388 1930 106 23 adresse.

69 1966 99 23 BOREL
187 1966 130 32 (Maurice),
333 1968 27 23 0.
438 1969 118 24 Ministre
575 1970 223 29 pleuipotentiuiic

101 1999 33 32 [et
147 2000 50 24 M™'
207 2002 43 22 née
264 2000 30 25 de
309 2001 40 25 LA
362 1998 162 35 VERNËDE],
543 2004 39 28 65,
604 2011 90 16 avenue
709 2004 89 24 Henri-

99 2034 89 24 Martin
204 2035 69 30 (xvi')
290 2035 33 31 \7.
341 2036 43 24 Im.
401 2036 93 31 687-98]
562 2041 26 20 et
612 2040 29 26 fa
676 2038 29 24 de
723 2039 66 23 Reux

105 2069 31 31 El
151 2069 46 31 fe=
222 2069 40 27 aâ
279 2065 238 37 [OJ.Pont-l'Évêque
531 2072 14 23 3
560 2072 43 24 kil.
621 2074 15 22 5
653 2073 143 30 (Calvados).

704 2109 108 23 T-UA

72 2143 98 23 BOREL
186 2142 91 33 (Henri)
295 2145 32 31 [et
343 2145 49 23 M«
406 2147 44 22 née
468 2145 29 24 de
520 2146 166 32 Kl.'ÇKELI.Nl,
703 2149 36 28 17,
756 2155 42 16 rue

102 2178 144 25 Lamennais
265 2181 233 29 (vin")..
742 2184 55 22 UA

73 2217 98 23 BOREL
181 2218 131 30 (Antoine),
322 2222 51 27 147,
383 2220 64 23 boul.
458 2221 160 24 Malesherbes
626 2222 90 31 (xvir).
742 2223 55 23 UA

861 181 98 23 BOREL
980 180 131 30 (Antoine),
1135 182 38 26 75,
1198 186 90 16 avenue
1312 179 41 23 des
1375 175 211 35 Champs-Elysées

894 216 69 30 (vin")
1022 219 24 19 et
1059 215 60 23 villa
1133 214 29 23 de
1177 214 245 31 Port-sous-Prégny,
1444 219 34 21 CES
1493 214 93 24 Genève

892 250 109 30 (Suisse).

860 290 98 23 BOREL
975 290 37 29 (M.
1028 294 26 19 et
1069 290 49 23 M™'
1135 289 132 29 Frédéric),
1284 289 55 28 153,
1352 289 125 28 boulevard
1494 289 90 23 Hauss-

891 325 54 29 mann
958 325 95 29 (vin').

859 359 98 23 BOREL
979 359 30 24 de
1033 354 166 28 LARIVIÈRE
1226 359 72 29 (M.),
1312 359 87 29 Avocat
1427 359 15 23 à
1470 360 23 22 la
1523 359 63 23 Cour

890 393 109 31 d'Appel,
1016 395 37 27 17,
1070 393 133 24 boulevard
1219 393 170 25 Malesberbes.

859 427 130 25 BORELLI
1005 428 167 30 (Octave),*
1251 427 34 31 [et
1294 428 68 30 M»"],
1376 429 36 27 10,
1423 434 44 17 rue
1483 428 103 30 Eugène-

889 462 103 25 Labiche
1013 463 66 29 (xvie)
1121 466 32 20 et
1169 464 28 27 fa
1222 462 31 24 du
1272 462 49 30 Cap
1340 462 24 25 St
1378 462 99 30 Tropez,
1492 462 36 31 El
1546 462 36 31 ^=

889 499 38 26 êS
947 497 92 30 IP-L-M]
1055 497 124 30 S'-Tropez
1194 496 75 30 (Var).
1559 498 26 22 Y

857 531 158 24 BORGHESE
1032 532 45 28 (P"
1092 531 67 29 Jèan)
1176 531 33 30 [et
1229 531 66 23 P--
1311 532 42 22 née
1372 530 67 25 Alice
1453 531 30 24 de
1494 531 89 24 CARA-

887 565 214 31 MAN-CHIMAY],
1122 567 39 26 22,
1187 573 41 16 rue
1252 565 42 24 des
1317 565 101 25 Sablons
1450 566 67 29 (xvi«)
1547 565 33 31 [H-

886 600 94 30 692.34]
1046 604 24 19 et
1085 600 77 23 Palais
1178 600 128 30 Borghèse,
1320 602 15 21 à
1351 600 72 23 Rome
1439 600 97 29 (Italie).

857 635 156 24 BORGHESE
1029 635 47 29 (P"
1090 635 85 29 Marco)
1194 635 33 30 [et
1241 635 68 22 P«–
1330 636 43 21 née
1392 631 136 34 PORGÈS],
1545 637 37 26 11,

887 677 90 16 avenue
992 669 131 25 Friedland
1138 671 70 28 (vin0)
1282 673 25 19 et
1326 669 79 23 Palais
1426 669 128 31 Borghèse,
1569 672 14 20 à

888 704 72 23 Rome
977 704 95 30 (Italie).

856 743 157 24 BORGHESE
1026 744 50 29 (P"
1090 743 105 31 Scipion)
1207 743 33 31 [et
1253 743 118 23 P"–née
1387 743 32 31 de
1435 743 144 31 FERRARI],

885 778 79 23 Palais
978 778 128 31 Borghèse,
1121 781 14 19 à
1151 778 78 23 Rome
1248 778 19 23 –
1282 782 25 19 et
1327 780 29 27 fa
1379 777 67 30 d'lle,
1466 783 33 20 Kl
1520 777 62 24 San-

886 813 85 28 Felice,
988 813 100 23 Scovolo
1103 812 204 30 (Brescia-Italie).

855 847 109 24 BORIAS
983 847 137 30 (Edmond),
1136 848 133 29 Ingénieur
1285 848 29 22 E.
1332 847 26 23 C.
1381 848 27 22 P.
1427 847 33 30 [et
1475 847 47 23 M»B
1538 848 45 22 née

885 882 153 31 CHARDIN],
1055 889 41 16 rue
1116 882 93 28 Nicolo,
1226 883 29 22 43
1278 882 34 30 [Jï
1339 882 93 30 693.47]
1450 885 23 19 et
1499 884 28 26 fa
1552 882 30 23 de

885 916 123 31 Belcayre,
1044 917 53 30 El
1183 916 162 28 Saint-Léon,
1377 917 40 27 jg
1445 916 137 30 Montignac

885 950 157 32 (Dordogne).

855 985 117 24 BORNET
989 985 123 30 (J.-B.-E.),
1126 985 107 24 Membre
1244 986 29 23 de
1282 985 132 29 l'Institut,
1465 984 33 32 [et
1512 984 68 32 M"'],

884 1022 38 26 27,
937 1020 56 30 quai
1008 1019 29 24 de
1052 1019 34 24 La
1099 1020 129 24 Tournelle
1244 1020 50 29 (v).

854 1058 131 23 BORNIER
1014 1058 75 29 (V'
1126 1058 74 23 Henri
1220 1058 47 29 de),
1298 1060 43 21 née
1370 1058 141 28 GRAILLY,
1541 1059 38 27 "6,

883 1092 130 23 boulevard
1041 1092 201 24 Saint-Germain
1258 1093 43 29 (v)
1361 1096 25 19 et
1413 1095 28 26 fa
1469 1092 29 23 de
1517 1092 63 23 Bor-

884 1127 60 28 nier,
967 1132 34 20 Kl
1020 1126 142 31 Aimargues
1181 1126 89 30 (Gard).

854 1166 138 29 BORNIOL,
1014 1167 43 22 née
1080 1166 80 23 HALL
1181 1166 72 29 (C"–
1275 1166 75 23 Henri
1368 1166 49 29 de),
1438 1168 37 26 13,
1490 1173 91 16 avenue

884 1201 105 30 Bosquet
1003 1201 60 30 (vu*)
1081 1201 33 30 [7.
1132 1201 105 30 700.28].

854 1235 130 24 BORNIOL
999 1236 47 30 (V*
1063 1235 104 24 Maurice
1184 1235 46 30 de),
1248 1237 77 22 même
1342 1235 105 23 adresse.

854 1270 131 23 BORNIOL
1001 1270 94 30 (Albert
1110 1269 50 31 de),
1176 1271 77 22 même
1268 1270 106 23 adresse.

853 1304 134 24 BORSSAT
1002 1304 98 31 (Xavier
1115 1305 48 29 de),
1180 1305 85 24 Avocat
1279 1305 14 24 à
1307 1305 28 24 la
1352 1305 65 24 Cour
1432 1304 33 31 [et
1479 1305 48 23 M–
1538 1306 43 22 née

882 1340 29 23 de
927 1340 156 30 BORSSAT],
1098 1341 38 26 29,
1153 1346 41 17 rue
1214 1340 109 23 Marbeuf
1342 1340 71 30 (vin')
1435 1340 33 30 [7.
1486 1340 94 30 309.48]

921 1378 24 20 et
960 1376 28 28 fa
1007 1374 28 24 de
1047 1375 97 28 Parnot,
1160 1378 33 22 El
1208 1375 267 23 Bourbonne-les-Bains
1486 1375 93 29 (Haute-

881 1409 99 31 Marne).

852 1447 79 24 BORY
954 1447 130 25 d'ARNEX
1106 1448 58 30 (A.),
1242 1447 33 31 [et
1293 1447 69 31 M°>«],
1378 1449 12 27 8
1402 1449 64 27 bis.,
1488 1455 91 16 avenue

881 1482 32 24 du
929 1482 68 30 Bois-
1010 1482 150 30 de-Boulogne
1178 1483 72 28 (xvi")
1270 1483 33 29 [H
1325 1482 92 30 147.38]
1480 1486 23 20 et
1518 1492 13 12 a
1547 1482 33 24 La

882 1516 69 23 Halte
967 1526 21 18 »,
1004 1515 162 25 Saint-Cloud
1182 1516 34 30 [3
1237 1516 52 30 112]
1307 1516 210 29 (Seine-et-Oise).

852 1554 98 23 BORYE
974 1553 42 23 des
1040 1552 160 25 RENAUDES
1225 1554 46 29 (C"
1292 1558 25 19 et
1340 1554 83 29 C'«"),
1443 1556 22 26 2,
1490 1562 43 15 rue
1550 1555 29 22 de

882 1588 148 30 Phalsbourg
1055 1590 80 27 (xvu")
1197 1592 24 19 et
1245 1590 28 27 jj}
1297 1588 28 23 de
1349 1588 170 31 Quiry-le-Sec,
1540 1594 34 20 Kl

882 1623 176 31 Quiry-le-Sec
1074 1622 123 30 (Somme).

853 1658 39 23 Bos
934 1658 55 23 voir
1002 1664 32 16 dd
1049 1658 56 23 Bos.

853 1696 94 24 BOSCH
976 1697 78 29 (Yvo),
1085 1697 127 30 Banquier
1234 1698 39 27 60,
1303 1704 91 17 avenue
1422 1698 31 24 du
1479 1698 102 23 Bois-de-

882 1731 120 31 Boulogne
1046 1732 65 30 (xvi»)
1149 1731 45 31 [H]
1278 1736 24 19 et
1324 1735 28 27 fa
1393 1732 28 23 de
1446 1733 131 29 Belleville,

887 1771 33 21 El
941 1766 77 32 Orsay
1035 1766 38 32 ^=
1091 1767 41 28 gg
1148 1766 47 30 Gif,
1213 1767 32 29 (35
1270 1771 25 19 n°
1311 1768 19 29 2)
1353 1767 227 24 Gometz-le-Chàtel

884 1801 188 30 (Seine-et-Oise)
1351 1802 229 24 AC-B-CF-UA

853 1835 176 24 BOSCHATEL
1052 1835 57 29 (M-
1124 1835 91 31 Joseph
1230 1835 49 31 de),
1300 1837 44 23 née
1358 1836 37 23 LE
1411 1832 106 34 FÈVRE,
1556 1838 23 28 5,

882 1877 43 16 rue
948 1869 29 24 de
991 1869 99 31 Luynes
1116 1870 62 30 (vne)
1242 1874 24 19 et
1280 1872 14 21 à
1309 1870 136 31 Montlogis,
1473 1876 34 20 Kl
1528 1871 53 23 Pol-

882 1903 96 23 minhac
1007 1903 102 29 (Cantal)
1179 1907 25 19 et
1236 1906 28 27 fa
1287 1904 31 24 de
1337 1904 178 30 Saint-Mamet,
1540 1910 34 21 Kl

885 1937 38 30 ^=
942 1936 173 25 Saint-JIamet
1132 1936 110 30 (Cantal).

853 1970 174 25 BOSCHATEL
1043 1971 111 30 (Jaques
1168 1971 48 29 de),
1236 1973 90 22 mêmes
1341 1972 119 24 adresses
1554 1973 27 22 H

854 2010 123 23 BOSELLI
993 2009 55 30 (O)
1063 2010 96 22 Ancien
1178 2010 141 29 Magistral,
1335 2011 26 22 G.
1375 2010 26 23 0.
1469 2011 24 22 C.

884 2044 33 30 [et
932 2044 64 22 O-
1012 2045 43 21 née
1069 2043 29 23 de
1116 2044 408 31 CHALVEÏ-ROCHEMONTEIX],
1541 2046 37 27 79,

883 2086 42 15 rue
940 2078 90 23 illozart
1049 2079 67 29 (xvi")
1167 2082 23 19 et
1205 2079 14 23 à
1233 2079 87 23 Lozère
1339 2079 206 31 (Seine-et-Oise).

853 2117 124 25 BOSELLI
1002 2117 57 30 (M-
1083 2118 68 29 Paul)
1173 2117 53 31 [née
1255 2118 126 31 SCRIYE],
1403 2120 38 26 32,
1462 2118 75 24 Cours
1559 2119 24 23 la

884 2153 73 23 Reine
972 2153 72 30 (vin*)
1064 2153 34 30 [7.
1121 2153 94 30 582,27]
1277 2158 24 18 et
1323 2155 29 32 fa
1375 2153 29 23 de
1419 2154 162 23 Fausses-Re-

887 2196 78 23 poses,
981 2195 91 16 avenue
1091 2187 30 24 de
1143 2188 260 31 Villeneuve-l'Étan^,
1421 2189 13 23 à
1447 2189 133 23 Yersailles

883 2222 200 31 (Seine-et-Oise).
