1749 2481
708 96 344 34 ALPES-MARITIMES

1222 97 85 32 NICE

458 102 87 31 NICE

143 198 149 23 Chabrand
308 196 72 30 (Gu–
397 195 50 31 de),
457 198 38 27 47,
510 195 66 24 boul.
593 193 132 32 Victor-Hug
738 193 26 32 o.

144 239 112 28 Chanay
271 235 44 31 (Cu
329 235 49 31 de),
394 237 39 27 22,
448 235 66 24 boul.
529 234 166 30 Dubouchage.

144 276 137 21 Chandon
297 276 34 21 de
353 275 136 22 Briailles
506 272 44 31 (G"
568 271 151 31 Jean-Rémyj
735 271 35 31 [et
792 270 62 23 C"–

191 310 24 22 née
234 308 30 23 de
282 308 300 29 Salignac-Fénelon],
596 308 38 26 48,
651 313 42 16 rue
710 305 29 23 de
757 305 96 28 France,

174 344 56 23 villa
246 342 113 25 Chandon
372 342 31 23 de
418 342 108 23 Briailles
540 342 35 30 [S
588 341 69 30 6-38].

147 383 121 28 Changy
285 381 44 30 (C"
343 381 75 24 Jehan
431 381 53 30 de),.
548 380 140 27 Baudéduit,
705 386 89 16 avenue
813 378 42 23 des

176 421 123 28 Mimosas,
320 419 20 27 S
360 419 41 27 de
414 419 97 24 Cimiez.

146 462 116 26 Chapon
280 459 69 30 (M*'),
367 458 95 31 Evèque
478 458 29 23 de
523 457 65 29 Nice,
603 459 22 27 7,
643 464 41 16 rue
700 456 28 24 de
744 456 23 23 la
783 455 73 32 Répu-

174 494 90 30 blique,
278 493 58 23 villa
350 493 197 31 Sainte-Agathe.

148 534 131 22 Chardon
307 532 55 30 (L.),
391 532 56 23 villa
467 532 44 23 Les
533 531 111 29 Antilles,
667 530 128 24 boulevard
825 529 29 23 du

178 567 151 24 Czarewitch.

147 608 168 22 Chauchard
336 605 136 30 (Paul),#,
488 604 14 25 «
516 604 87 25 Cabane
613 605 104 23 Bambou
729 602 11 30 »
751 602 33 30 31,
795 602 56 30 boul.
840 602 14 24 1.

174 645 29 24 de
214 643 301 32 rimpératrice-de-Russie
530 643 107 32 [15-74],

149 684 149 24 Chavanne
312 683 74 30 (G'
403 683 49 30 de),
470 690 42 16 rue
529 683 77 24 Cotta.

145 724 101 22 Chéret
262 722 37 30 (M.
315 726 23 19 et
362 722 49 23 M»'
431 722 83 30 Jules),
538 722 95 23 Artiste
644 722 105 28 peintre,
764 719 92 24 chemin

177 761 40 23 des
232 761 149 29 Collinettes,
396 761 58 23 villa
468 760 227 24 Marie-Antoinette.

149 802 148 27 Chevigny
313 800 37 30 (M.
367 804 23 19 et
404 799 45 24 M»0
464 799 30 24 A.
510 800 47 29 de),
573 800 58 22 villa
644 799 169 23 Chàteauneuf.

147 841 93 22 Chiris
255 839 54 30 (M1»
326 839 49 30 M.),
392 841 37 24 12,
444 845 44 17 rue
503 839 92 23 Delille.

147 880 157 22 Clavesane
319 878 73 29 (C'
407 878 48 29 de),
471 880 35 24 12,
522 884 42 17 rue
579 877 124 24 Grimaldi.

147 916 93 24 Clesio
255 917 49 29 (B1*
318 916 52 30 du),
386 923 89 17 avenue
490 916 128 29 Mirabeau,
634 916 56 23 villa
703 914 85 25 Clesio.

148 958 116 26 Colgate
279 955 75 30 (Mm#),
373 956 38 28 15,
425 955 146 31 promenade
585 954 41 24 des
640 954 104 32 Anglais.

147 997 96 21 Collas
258 994 57 30 (Mm«
330 993 199 31 Louis-Gabriel),
545 996 51 27 111,
609 993 144 32 promenade
762 992 42 25 des
814 993 43 23 An-

177 1025 68 30 glais.

148 1066 78 21 Colle
241 1063 38 30 (M.
296 1068 24 19 et
332 1063 48 24 M""
395 1063 82 30 René),
488 1064 96 27 Avocat,
598 1065 39 27 26,
651 1070 42 17 rue
707 1062 150 25 Saint-Fran-

179 1097 175 30 çois-de-Paule.

150 1139 131 22 Colobria
288 1137 72 31 (B0""
369 1136 47 30 de),
426 1136 57 24 villa
491 1136 118 30 Colobria,
617 1144 41 17 rue
667 1135 189 32 Saint-Philippe.

150 1178 156 27 Colomars,
321 1183 43 16 rue
378 1175 96 30 Hérold,
490 1175 57 24 villa
561 1175 128 24 Colomars.

151 1218 104 20 Comba
276 1214 105 30 (Pierre),
397 1215 208 29 Artiste-peintre,
621 1214 56 24 villa
691 1215 117 28 Delcourt,
821 1216 35 29 47,

181 1250 64 23 boul.
261 1249 134 25 Gambetta.

151 1291 149 22 Combarel
315 1288 57 29 (M°"
387 1288 47 30 de),
450 1289 37 27 28,
504 1295 90 17 avenue
608 1289 153 30 Borriglione.

152 1329 167 22 Constantin
357 1327 45 29 (MLl
429 1326 47 30 de),
501 1327 78 24 Palais
606 1327 31 24 du
658 1328 88 30 Square
761 1328 99 30 (Square

182 1365 146 31 Gambetta).

151 1406 166 22 Constantin
329 1403 54 31 (MiM
395 1404 47 30 de),
453 1405 38 29 20,
501 1412 43 16 rue
556 1404 123 25 Adélaïde.

151 1446 86 20 Conte
255 1443 66 30 (Fr.),
336 1443 58 24 villa
409 1442 128 30 Thi-Tliou,
555 1450 42 17 rue
615 1443 30 24 du
661 1444 79 23 Soleil.

151 1483 105 27 Coppet
270 1481 58 31 (de),
343 1489 43 16 rue
400 1480 93 32 Magnan,
506 1480 66 32 villa
587 1482 96 31 Coppet.

152 1523 100 21 Corbet
267 1520 76 30 (M""),
359 1527 43 16 rue
415 1521 112 30 Lympia,
542 1521 58 23 villa
615 1521 91 23 Corbet.

152 1561 94 21 Coriat
259 1566 19 21 y
293 1561 102 26 Coriat,
407 1560 88 22 Consul
506 1560 28 22 de
544 1561 23 21 la
577 1560 146 30 République
737 1560 29 30 de
783 1562 80 23 Costa-

182 1593 67 29 Rica,
267 1595 38 27 21,
320 1593 131 24 boulevard
469 1594 165 30 Dubouchage.

153 1633 169 29 Corporandi
340 1633 71 29 (G'
426 1632 47 30 de),
490 1632 57 24 villa
562 1633 101 23 Auvare.

153 1670 285 31 Cortenberg-Missen
461 1671 71 30 (B°""
555 1671 47 30 de),
626 1671 29 24 M.
675 1672 120 32 Moraglia,
822 1680 42 17 rue

184 1705 113 23 d'Autun.

155 1747 83 20 Costa
253 1743 54 29 (M"°
321 1743 48 29 de),
387 1744 57 23 villa
458 1743 102 30 Leclerc,
576 1751 42 17 rue
633 1745 99 23 Rossini.

154 1786 82 24 Cotty
251 1782 57 29 (!!̃•
323 1782 47 29 de),
383 1782 58 23 villa
455 1781 98 30 Gaston,
568 1790 89 17 avenue
668 1784 194 24 Saint-Lambert.

156 1823 152 22 Coubertin
323 1820 108 29 (Colonel
445 1821 40 22 B°«
498 1821 29 23 A.
543 1822 47 28 de),
606 1823 26 23 0.
649 1824 36 27 #,
700 1828 24 18 et
738 1823 61 23 B"
814 1823 50 31 [née

184 1855 29 23 de
228 1857 39 21 La
281 1854 94 32 Salle],
390 1854 59 24 villa
463 1855 90 30 Céline,
569 1863 36 17 av.
622 1856 41 24 des
678 1857 141 24 Baumettes.

157 1896 137 21 Coulomb
310 1893 39 30 (D'
362 1893 92 29 Louis),
471 1893 37 29 31,
523 1894 67 31 place
605 1896 100 23 Saétone
720 1896 33 31 [f.
767 1897 68 30 4-61],

157 1936 127 20 Courson
300 1932 46 29 (Cl>
357 1932 46 29 de),
420 1933 38 26 11,
474 1939 90 16 avenue
575 1932 156 33 Borriglione.

157 1971 127 23 Cristiani
300 1973 33 21 de
349 1973 125 21 Ravaran
489 1971 45 29 (C"
549 1975 23 19 et
595 1973 63 22 C'
676 1973 46 29 de),
746 1975 37 27 41,
801 1974 63 23 boul.

187 2005 171 30 Victor-ilugo.

158 2048 101 20 Crossa
269 2043 38 30 (M.
319 2047 23 19 et
352 2043 48 24 M"
411 2043 48 30 F.\
473 2044 154 25 Vice-Consul
636 2046 32 23 du
679 2046 87 30 Brésil,
779 2048 36 28 13,
825 2055 41 16 rue

188 2078 113 24 Masséna.

160 2120 86 20 Croze
262 2116 70 29 (Bo1""
347 2117 48 30 de),
410 2118 38 27 2S,
462 2124 90 17 avenue
568 2117 118 25 Beaulieu.

161 2158 137 26 Cugnotet
311 2155 38 29 (M.
365 2159 24 19 et
405 2156 67 29 M™'),
486 2158 37 26 27,
539 2163 42 17 rue
596 2157 28 23 de
639 2158 96 24 France.

161 2194 107 29 Cunard,
283 2194 45 29 bd.
342 2194 28 24 de
380 2194 309 32 l'Impératrice-de-Russie,
699 2199 55 22 villa
764 2198 104 26 Lefèvre.

907 192 89 22 Danis
1012 191 111 31 (Alfred),
1138 192 36 29 10,
1191 198 88 17 avenue
1293 191 114 23 Masséna.

906 232 127 27 Dauprat
1048 230 38 30 (M.
1101 234 25 20 et
1138 229 48 24 M»«
1200 229 36 32 E.)
1251 231 23 28 4,
1288 237 42 16 rue
1346 230 29 23 de
1392 230 22 23 la
1428 229 63 24 Paix.

907 270 101 26 Dayen
1025 268 88 31 (B"),
1125 268 25 31 2,
1166 276 42 16 rue
1223 268 107 25 Gounod.

908 308 100 28 Deloye,
1022 308 71 28 villa
1108 308 41 23 des
1157 302 200 35 Hautes-Roches,
1371 302 243 35 Montboron[ï4-87j,

907 347 120 30 Demidoff
1042 347 90 30 (Po<),
1151 348 57 22 villa
1222 347 123 27 Demidoff,
1358 353 89 17 avenue
1461 346 106 24 Gravier.

908 387 123 22 Démora
1052 386 74 30 (Mm#),
1145 387 58 23 villa
1217 387 110 28 Démora,
1347 387 92 24 chemin
1459 386 29 23 de
1508 385 107 25 St-Roch.

907 427 100 25 Denys
1025 424 36 30 (M.
1077 425 82 30 Roger)
1177 425 32 30 [et
1231 425 46 23 M""
1299 427 42 21 née
1356 425 182 30 Batremeix],
1559 424 58 24 villa

940 463 116 29 Viresme,
1071 468 91 19 avenue
1177 464 109 31 Lympia.

909 505 130 21 Derwies
1054 503 49 31 (B°"
1117 507 23 19 et
1154 503 61 23 B"1""
1232 503 68 31 Serge
1314 504 64 30 von),
1392 502 92 24 chemin
1499 503 28 23 de
1541 503 76 23 Bran-

938 537 66 30 colar
1017 537 13 30 –
1043 537 39 30 {gj
1101 537 97 24 Valrose
1213 537 34 31 [H
1259 537 77 32 6-46].

909 577 131 23 Derwies
1055 576 48 30 (B™
1120 576 57 23 Paul
1193 577 63 29 von),
1271 577 75 22 même
1360 576 103 24 adresse.

909 616 168 27 Desjoyaux
1094 616 38 29 (M.
1149 619 23 19 et
1185 615 48 23 M»»
1247 616 75 29 Noël),
1337 616 58 22 villa
1408 616 66 22 Noël.

909 657 124 26 Desprez
1049 655 57 29 (D'),
1121 656 22 26 6,
1161 661 90 17 avenue
1264 655 114 28 Durante,
1394 655 56 23 villa
1466 654 73 24 Taffe.

909 694 300 24 Devenisch-Walsh
1228 693 37 30 (M.
1280 698 23 19 et
1316 693 67 30 M™'),
1399 695 37 27 27,
1460 693 66 24 boul.
1546 693 73 24 Cara-

940 732 74 24 bacel.

911 773 167 28 Diaz-Baya
1094 771 74 30 (M™*),
1184 771 58 24 villa
1255 771 98 30 Marina,
1368 778 89 17 avenue
1471 771 103 24 Béatrix.

910 810 223 30 Didier-Pouget
1150 809 36 31 (M.
1201 810 26 24 et
1240 810 39 24 M™'
1296 811 125 30 William),
1443 810 57 24 villa
1515 810 106 24 Jouven-

940 849 66 29 celle,
1021 848 130 25 boulevard
1165 849 157 25 Mont-Boron.

910 889 143 23 Diesbach
1081 888 44 30 (C"
1157 888 48 30 de),
1222 888 57 23 villa
1303 888 29 24 de
1355 888 124 30 Diesbach,
1501 893 67 19 route
1591 888 30 26 de

941 926 107 24 Gairaut.

910 967 76 22 Dion
1007 966 54 30 (M'"
1080 966 37 30 de)
1137 966 53 31 [née
1209 968 98 23 Cossin
1324 969 34 22 de
1375 966 145 31 Chourse],
1540 969 22 26 5,
1580 974 42 16 rue

940 1001 93 23 Delille.

910 1041 113 22 Disdier
1037 1040 115 30 (Marius),
1170 1041 95 28 Avocat,
1281 1043 35 27 14,
1333 1048 42 17 rue
1390 1041 94 24 Foncet.

910 1078 220 31 Dolgoroukoft
1149 1080 64 30 (P"),
1233 1080 56 24 villa
1306 1080 52 24 Mon
1374 1080 93 29 Plaisir,
1495 1082 37 27 29,
1554 1080 66 23 boni.

940 1117 136 24 Carabacel.

910 1156 201 32 Dolgorouky
1126 1157 64 31 (Pc«),
1206 1158 56 23 villa
1276 1158 77 30 Belge,
1368 1158 67 31 place
1449 1157 123 24 Sasserno.

911 1199 160 25 Domergue
1088 1196 57 31 (A.),
1156 1204 37 15 av.
1204 1196 150 30 Villermont,
1366 1196 57 23 villa
1434 1196 155 30 Sénégalaise.

912 1235 128 23 Donadéi
1053 1234 36 31 (M.
1109 1239 23 19 et
1146 1234 47 24 M™"
1208 1235 101 31 Alfred),
1320 1235 58 24 villa
1393 1235 116 32 Leyraud,
1536 1238 22 25 2,
1579 1242 43 16 rue

942 1274 70 23 Cotta
1028 1274 34 31 [7.
1078 1274 71 31 9.54).

912 1316 107 20 Drouet
1035 1313 124 30 (Francis),
1186 1314 89 23 Consul
1297 1315 29 22 de
1345 1315 82 28 Perse,
1451 1320 42 16 rue
1513 1314 108 27 Pasteur,

943 1347 56 24 villa
1012 1348 85 24 Evora.

914 1388 181 27 Ducoudray,
1114 1387 58 24 villa
1190 1387 230 31 Tour-de-Magnan,
1442 1386 93 24 chemin
1551 1386 30 23 de
1601 1387 23 23 la

943 1420 138 25 Madeleine.

915 1461 110 21 Dufour
1047 1459 126 31 (Charles),
1199 1460 58 23 villa
1275 1459 110 29 Bornala,
1407 1463 68 21 route
1500 1459 28 24 de
1551 1459 74 24 Bellet

946 1494 33 30 [35
996 1494 70 30 4-00].

914 1535 110 22 Dufour
1037 1535 33 21 de
1086 1535 38 22 La
1139 1535 143 27 Tuillerie,
1296 1536 22 26 4,
1334 1541 43 17 rue
1389 1534 102 24 Bardon.

915 1573 139 28 Durandy
1069 1571 49 31 (J.),
1133 1572 129 24 boulevard
1283 1573 29 23 de
1330 1572 94 30 Cimiez,
1440 1572 58 24 villa
1512 1571 113 31 Durandy

946 1605 34 31 [I
991 1606 78 31 0-74].

916 1647 128 21 Durante
1059 1644 91 31 (B0"'),
1164 1645 57 24 villa
1234 1646 105 29 Blanchi,
1355 1653 43 16 rue
1411 1645 96 24 Herold.

917 1685 94 21 Duval
1027 1684 39 29 (M.
1081 1684 92 30 Albert)
1186 1684 32 30 [et
1232 1685 46 23 M™'
1293 1686 43 22 née
1351 1687 37 21 Le
1402 1684 79 30 Roy],
1492 1683 78 23 Castel
1585 1683 42 27 des

947 1717 138 30 Deux-Bois,
1101 1719 135 24 Montalban
1253 1719 33 30 [35
1297 1720 71 29 4-43].

917 1828 142 27 Echampe
1076 1826 53 30 (E.),
1147 1827 78 29 Agent
1238 1827 29 23 de
1285 1827 99 28 change,
1399 1828 22 27 3,
1443 1826 67 30 place
1524 1825 104 25 Malaus-

946 1862 64 22 séna.

918 1900 68 22 Edel
1003 1899 55 30 (Mm.
1073 1899 82 30 Hunt),
1170 1901 23 27 3,
1208 1906 88 17 avenue
1310 1898 126 25 Mirabeau.

919 1939 166 26 Egloffstein
1101 1938 44 29 (G"
1155 1941 24 19 et
1190 1937 62 23 G1""
1266 1937 41 31 d'),
1318 1937 92 24 chemin
1424 1937 29 24 de
1467 1937 95 28 Cimiez,
1571 1936 58 24 villa

947 1972 34 23 La
995 1972 72 23 Tour.

920 2013 144 26 Espagnet
1078 2010 72 29 (G1"1'
1164 2011 83 24 Albert
1261 2011 40 31 d'),
1320 2013 22 28 3,
1363 2012 66 31 place
1442 2010 185 24 Charles-Félix.

920 2051 116 27 Essling
1055 2050 150 28 (Masséna,
1224 2051 49 23 Duc
1287 2051 28 24 de
1335 2052 102 25 Rivoli,
1452 2049 36 24 P°"
1511 2049 41 29 d'),
1572 2049 58 22 villa

949 2082 116 30 Masséna,
1079 2085 38 28 65,
1132 2092 41 16 rue
1188 2084 28 25 de
1231 2085 95 29 France,
1341 2090 24 19 et
1381 2086 38 27 33,
1433 2083 143 32 promenade
1590 2083 42 23 des

949 2117 100 31 Anglais
1064 2117 44 33 [7..
1119 2117 66 33 1-34].

922 2158 134 22 Estienne
1077 2158 116 23 d'Orves
1212 2158 44 31 (C"
1279 2158 40 31 d'),
1334 2158 57 24 villa
1404 2158 118 27 Bellevue,
1539 2155 93 24 chemin

952 2190 29 24 de
996 2191 194 32 Saint-Philippe.

922 2231 139 29 Estradie,
1077 2231 58 24 villa
1149 2232 182 29 Saint-Chartes,
1346 2231 93 25 chemin
1453 2230 28 25 de
1492 2230 94 24 Cimiez.
