1749 2481
1045 103 101 39 Anjou
1167 102 71 40 (rue
1259 102 43 40 d')

248 112 199 30 Amsterdam
467 111 71 40 (rue
553 110 42 39 d')

771 106 62 30 409

212 2216 237 23 Paris-Mondain
467 2216 18 23 –
503 2215 57 23 1908
1396 2209 28 22 27

293 209 164 16 AMSTERDAM
475 199 85 29 [lUlte)

81 253 26 21 52
131 252 31 21 M.
178 256 21 17 et
211 252 51 21 M™
276 252 80 21 Albert
370 247 109 25 RIVIÈRE
525 248 178 22 Félix-Voisin.

81 287 25 21 55
132 286 28 21 La
174 286 113 21 Générale
305 284 156 23 CL1NCIIANT
512 282 80 27 Milly.

132 320 31 20 M.
174 320 105 25 Georges
289 317 184 22 CLINCHANT.

132 353 31 20 M.
179 352 97 22 Charles
291 350 182 23 CLINCHANT.

132 387 32 20 M.
179 387 70 19 Henri
265 385 183 22 CLINCHANT.

133 420 31 20 M.
179 420 77 26 Roger
266 419 184 21 CLINCHANT.

82 454 26 20 66
133 453 40 21 M"
184 459 31 14 DE
225 451 238 22 LOUVENCOURT.

83 488 23 18 67
133 487 31 19 M.
179 490 21 16 et
214 486 49 19 M"
278 479 95 27 Étienne
387 485 87 20 VOISIN
518 482 132 22 Brémard.

83 520 25 20 62
133 519 40 20 V"
188 521 21 18 et
226 519 69 20 V>
310 518 67 21 Yvon
397 524 31 20 de
447 509 296 29 TOULGOËT-TRÉANNA

159 553 117 21 Durnont.

84 588 24 19 77
135 587 30 20 M.
181 589 21 17 et
215 587 50 19 M"'
274 586 66 20 Aimé
355 585 102 20 PERRET
507 583 109 21 Béraud.
699 580 83 27 [Jeudi]

135 620 30 21 M.
175 620 57 20 Jean
241 618 87 27 Joseph
339 618 139 21 WEERTS.

83 654 27 19 80
135 653 65 21 C1""
210 653 116 20 GARCIA
335 659 32 14 de
377 652 40 20 LA
427 650 145 22 PALMIRA.

83 687 26 20 84
135 687 38 20 V"
201 689 23 17 et
251 687 68 19 V'«"«
349 685 106 20 Edmond
488 682 15 22 d
518 682 91 22 ARTOIS
669 681 114 25 Poitjues

160 720 198 26 d'Herbinghem.

84 754 27 20 90
135 754 31 19 M.
177 757 21 16 et
208 753 49 20 M»'
269 753 61 20 Léon
342 750 162 23 GIRAUDEAU
555 750 130 21 Rousseau

224 787 40 25 [1er
273 789 22 17 et
304 787 21 19 2«
335 785 111 21 vendredi
456 785 29 19 du
493 785 31 19 1er
534 783 92 26 janvier
639 788 30 14 au
678 783 24 19 15
713 780 70 25 mars]

137 883 496 30 ANATOLE-DE-LA-FORGE
651 882 78 33 (rue)

87 941 73 22 XVII-
168 941 52 20 Arr.
228 940 118 26 (Ternes).
353 940 40 21 <-A
406 940 67 21 venue
485 939 28 19 de
521 939 22 18 la
553 936 175 24 Grande-Armée,
741 936 40 24 16.

161 975 130 20 Paroisse:
306 971 229 24 Saint-Ferdinand
548 970 40 22 cles
606 969 95 22 Ternes.

99 1041 17 21 2
133 1041 34 21 M.
180 1040 80 21 etM"
275 1040 26 21 G.
312 1039 107 21 DUVAL
433 1045 30 14 DE
478 1036 49 22 FRA
543 1036 98 22 VILLE:
657 1037 28 20 de
698 1036 55 26 Va.tr
764 1036 22 26 y.

698 1065 89 26 [LuQdi]

102 1097 12 19 3
140 1096 42 20 li"
192 1089 73 27 Émile
276 1093 135 21 BERGER.
698 1065 89 26 [Lundi]

139 1128 35 21 M1»
185 1128 35 21 dis
234 1125 202 24 HREUILPONT.

139 1162 36 20 Ct.
190 1164 22 17 et
226 1162 66 19 C">
307 1166 31 14 de
352 1158 175 22 BREUILPONT
577 1156 122 21 Paradis.

139 1195 31 21 M.
186 1197 22 18 et
221 1194 49 21 Mm'
286 1192 136 22 DELYANNI
472 1191 124 21 Baltazzi.

140 1229 36 20 O
187 1232 22 16 et
219 1228 64 20 C'
294 1234 31 14 de
334 1223 67 24 SACHS
414 1223 189 24 -.Subercielle.
616 1223 71 26 [Sam.
696 1222 89 27 ap.Sh.)

102 1265 12 19 6
140 1263 30 20 M.
186 1262 57 21 Paul
255 1260 165 25 LECLERCQ.

139 1296 32 21 M.
181 1299 23 17 et
218 1295 48 21 M»'
280 1294 66 21 MAX
363 1285 216 29 FLURY-HÉRARD
631 1288 156 23 Subervielle.

259 1387 220 26 ANDRIEUX
494 1385 66 32 (rue
576 1383 41 33 d')

94 1446 60 21 VIII"
164 1446 50 20 Arr.
223 1444 126 26 (Europe).
361 1447 24 18 4-
393 1444 52 19 Rue
455 1442 132 24 Bernouilli,
596 1442 21 20 1.
659 1438 130 22 Boulevard

326 1477 41 20 des
377 1475 151 25 Batignolles,
537 1475 31 20 45.

260 1510 104 20 Paroisse
400 1507 221 26 Saint-Augustin.

102 1575 11 19 7
140 1573 31 21 M.
186 1574 20 20 J.
222 1567 143 27 CHÉRUIT.

90 1610 21 18 11
142 1607 29 20 M.
187 1606 135 21 GRIVART
338 1611 31 15 de
383 1602 194 23 KERSTORAT.

305 1695 135 26 ANJOU
456 1693 66 32 (rue
538 1692 40 33 d')

93 1754 60 21 VIII"
170 1754 51 20 Arr.
237 1752 164 27 (Madeleine).
414 1752 27 27 +̃
458 1752 69 19 Faub.
539 1749 174 25 Saint-Honoré,
724 1749 66 19 42-44.

252 1790 25 18 ->
286 1786 50 20 Rue
348 1786 27 20 de
385 1785 22 21 la
418 1784 127 27 Pépinière,
560 1783 66 21 11-13.

104 1821 117 19 Paroisses
260 1818 236 21 Sainte-Madeleine
505 1817 40 25 (de
554 1817 8 20 1
574 1817 12 20 à
598 1817 25 20 57
633 1818 23 18 et
665 1816 12 19 2
686 1816 16 20 à
712 1815 42 25 52.)-

196 1851 214 26 Saint-Augustin
419 1850 40 24 (de
467 1850 24 20 'M
501 1851 23 18 et
532 1850 26 20 59
568 1849 15 20 à
594 1849 25 19 la
629 1848 56 24 fin.)

106 1915 12 20 3
144 1914 40 20 B"
194 1916 22 17 et
226 1913 62 20 B"
297 1918 32 15 DE
339 1911 94 21 SELLE
447 1917 31 14 DE
490 1908 166 22 BEAUCHAMP
705 1908 88 25 Momj-

170 1944 112 19 Cutclien.
707 1935 85 28 [Jeudi]

105 1977 12 19 i
142 1975 30 20 M.
188 1977 21 18 et
223 1974 45 20 M«»
283 1974 30 20 M.
325 1972 123 21 BOMPARD
498 1971 143 27 Bliynieres.
657 1969 136 27 [Vendredi]

143 2008 30 21 M.
186 2007 70 21 Henri
266 2001 113 27 DUPRÉ.

144 2042 40 19 R™
197 2040 76 21 Jélian
289 2039 93 22 LEPIC.

143 2075 31 20 M.
187 2077 22 18 et
223 2074 48 20 M"
287 2074 95 25 Eugène
396 2071 185 22 MARCILHACY
634 2070 131 22 Baillière.

143 2108 37 21 C»«
193 2108 26 20 E.
234 2106 121 22 PYRENT
372 2112 31 15 de
418 2106 38 21 LA
472 2105 109 21 PRADE.

142 2143 41 19 yt.
206 2145 22 16 et
251 2141 69 19 V"–
344 2142 32 18 de
399 2139 209 21 SAINT-PERN
643 2138 34 21 De
700 2137 93 23 Plœue.

683 2167 111 26 [Samedi]

1086 200 83 18 ANJOU
1182 194 89 30 (suite)

842 244 17 22 î
876 244 34 22 M-
927 244 69 22 Paul
1013 244 207 22 WALLERSTEIN:
1237 244 103 22 Jaeal.

843 278 15 20 8
873 278 47 20 M'1
932 280 21 18 et
963 279 50 20 M"'
1029 284 31 15 DE
1075 278 142 21 BRACHET
1232 283 30 15 DE
1277 278 158 21 FLORESSAC
1493 278 32 20 Le

906 311 105 21 vaillant
1021 312 33 20 du
1064 312 86 20 Douët.

881 349 32 20 M.
927 351 24 18 et
964 350 48 20 M»«
1022 350 87 20 Marcel
1120 350 167 20 FOURNIER:
1298 349 229 27 Deifossés-Dalloz.

881 382 31 21 M.
923 383 27 20 et
963 383 40 20 Mm.
1015 383 57 21 Paul
1081 382 235 22 ROYER-COLLARD
1363 382 123 22 Potherat
1499 382 28 21 de

910 416 78 20 Thou.

847 453 21 21 9
889 453 43 21 M–
946 453 98 21 Anatole
1058 460 31 14 DE
1105 447 186 28 BARTHÉLEMY
1339 453 105 22 Aubert.

884 487 37 20 C"
929 487 74 20 Jehan
1013 488 27 19 de
1051 481 216 26 BARTHÉLÉMY.

883 519 30 21 M.
929 523 22 18 et
965 520 48 20 M"'
1029 520 130 20 Alexandre
1169 526 32 14 DE
1212 520 96 22 BASILY
1351 520 132 26 Sampiei-i.

884 553 30 21 M.
929 556 22 18 et
965 553 49 21 M»»
1029 553 127 26 Alphonse
1171 553 111 26 PINARD:
1299 553 142 27 Hadengiie.

884 587 32 20 C»
932 587 32 20 de
975 587 89 20 POUY.

836 625 24 20 10
884 624 31 21 M.
927 628 22 17 et
957 625 50 20 M-«
1017 625 83 20 Ernest
1110 624 175 21 BOURDILLON
1331 625 147 20 Strakoseh.

885 683 30 20 M.
933 683 69 20 Hetiri
1018 683 150 20 IIAMELLF.
1398 659 133 26 [Vendredi!

885 683 30 20 M.
933 683 69 20 Henri
1018 683 150 20 HAMELLE.

886 716 64 20 B«–
960 722 31 15 DE
1005 716 176 21 RIO-NEGRO.

885 749 31 21 M.
927 752 22 18 et
959 750 48 20 M"'
1018 750 57 20 Paul
1085 749 92 21 YVER:
1189 750 166 26 Bapterosses.

837 783 24 20 iî
886 783 31 20 M.
928 785 22 18 et
959 783 49 20 M»«
1017 783 83 20 Ernest
1110 783 163 20 BOUZEMONT
1322 783 97 27 Hardy.

886 816 31 20 M.
928 818 23 18 et
960 816 48 20 M™«
1019 817 104 24 Auguste
1134 816 127 21 LAUGEL.

838 851 23 20 U
888 850 31 20 Le
929 850 97 20 Général
1038 850 112 20 GOURY.

888 883 30 20 M.
928 885 23 18 et
961 883 48 20 M°»
1019 883 101 26 Jacques
1135 883 127 21 LAVERNE
1320 883 115 22 Chabert.

1403 917 129 26 [Mercredi]

839 955 22 21 17
887 954 31 21 M.
934 957 21 18 et
969 954 49 21 M»»
1032 954 104 21 DUVAL
1149 955 105 21 ALBERT
1305 955 33 20 Le
1352 955 60 26 Roy.
1441 955 90 26 [Mardi]

839 988 24 21 18
889 988 41 20 B«
944 991 21 17 et
985 988 63 21 B""
1062 989 87 25 Aymar
1162 995 33 14 DE
1209 989 140 21 BONNAFOS
1398 990 125 25 Cherisey.

889 1022 35 20 C"
933 1022 26 21 et
972 1022 53 21 C'
1035 1022 64 20 René
1106 1027 30 14 de
1143 1022 88 21 CHERIS
1245 1022 29 21 EY
1315 1028 45 15 von
1368 1023 29 20 de
1406 1023 120 27 Wœetyne

889 1055 39 20 V»
938 1057 22 18 et
970 1055 68 20 V'
1049 1061 30 14 CE
1091 1055 133 21 CHERISEY
1269 1056 114 26 Romeuf.

890 1088 31 20 M.
931 1091 22 17 et
963 1088 48 20 M"'
1025 1088 41 20 Ed.
1082 1088 103 21 DUPONT
1233 1089 224 23 Godard-Deerais,

839 1123 26 21 19
889 1121 32 21 M.
936 1121 102 21 Amédée
1052 1121 123 21 IMBERT.

839 1155 25 21 22
890 1154 37 21 C"
937 1160 30 15 DE
978 1154 38 21 LA
1026 1153 170 22 CORDINAIS.

839 1189 26 20 23
889 1188 32 20 M.
936 1190 22 17 et
971 1187 50 20 M»"
1033 1187 57 21 Jean
1105 1181 85 27 LABBÉ
1240 1188 165 20 Goudehaiix.

890 1221 30 21 M.
936 1223 22 18 et
971 1221 50 20 M™
1035 1220 122 26 Raymond
1170 1227 32 14 DE
1217 1220 108 22 MONBEL
1374 1222 131 27 Borghèse.

890 1254 30 21 M.
931 1258 21 17 et
962 1254 48 21 M»'
1018 1255 101 25 Jacques
1133 1261 30 14 de
1177 1254 160 22 MONBRISON
1391 1255 116 22 Gervain.

890 1288 30 20 M.
937 1288 82 20 Ernest
1030 1288 122 20 NOTTIN.

890 1321 32 22 M.
933 1326 22 16 et
964 1321 49 21 M»«
1021 1321 66 21 Jules
1096 1321 80 22 RUEFF
1222 1321 110 27 Gubbay.
1452 1323 82 26 [Jeudi)

839 1360 27 20 2i
890 1360 40 19 V»
945 1362 21 17 et
979 1360 69 20 V'
1063 1365 31 15 du
1109 1360 133 20 BOUEXIC
1252 1365 31 15 de
1292 1360 39 20 LA
1342 1360 158 22 DRIENNAYS

916 1392 29 21 de
956 1393 98 26 Canisrj.

892 1426 36 20 C"
937 1426 55 24 M,ax
1003 1431 31 15 DE
1044 1425 193 21 PRACOMTAL.

840 1462 23 21 31
890 1463 30 21 M.
931 1465 22 18 et
963 1462 48 21 M~
1022 1462 363 22 DUVERGEY-TABOUREAU
1402 1463 133 26 [Vendredi]

840 1500 26 20 35
892 1500 30 20 M.
933 1503 22 16 et
964 1500 49 20 M™"
1023 1500 79 20 Albert
1110 1500 102 21 MALLET
1259 1501 118 26 Neuftise.

892 1532 40 21 M"
946 1535 23 18 et
981 1532 51 21 M'"
1047 1539 30 14 de
1091 1533 84 20 MASSA
1226 1534 116 26 Coppens.
1378 1534 98 27 [jusqu'à
1484 1534 13 21 3
1507 1534 32 26 h.J

893 1566 28 20 C»
935 1566 85 20 Gaston
1036 1571 31 15 DE
1083 1566 110 21 MASSA.

894 1599 36 21 C"
942 1600 101 26 Jacques
1058 1606 31 14 DE
1102 1599 112 22 MASSA.

892 1633 50 21 M-
956 1632 25 21 L.
997 1632 137 22 POTTIER.

893 1667 30 20 M.
939 1667 104 26 Georges
1058 1667 136 21 POTTIER,

841 1706 26 19 40
893 1704 30 21 M.
935 1708 22 16 et
965 1704 50 21 M«-
1026 1704 284 22 PRIVAT-DESCHANEL
1364 1706 175 20 Panckoucke.

1448 1739 91 27 [Mardi]

843 1779 24 20 48
893 1778 30 20 M.
939 1777 27 20 et
979 1777 40 20 M"'
1032 1777 72 20 Emile
1114 1777 299 21 FROMENT-MEURICE.

893 1810 30 21 M.
935 1813 22 17 et
965 1810 51 20 M™
1033 1810 111 24 François
1160 1809 271 22 FROMENT-MEURICE
1489 1809 55 21 Vll-

919 1849 84 14 mann.

894 1876 30 19 M.
936 1874 32 21 et
984 1874 48 21 M""
1048 1874 65 21 Marc
1129 1874 260 21 FROMENT-MEURICE:
1417 1875 118 20 Ultniana

1408 1907 135 26 [Vendredi;

895 1947 30 19 M.
937 1949 22 17 et
967 1945 50 20 M™"
1031 1945 88 20 Marcel
1134 1944 119 21 GELBERT
1300 1945 243 21 Froment-Meuriee.

845 1990 25 20 55
896 1989 30 19 M.
938 1991 23 17 et
970 1987 50 20 M»'
1030 1987 57 19 Paul
1099 1986 108 20 BOUTAN
1254 1986 101 20 Larose.

845 2023 22 20 61
896 2021 51 21 M»«
957 2019 122 22 BADUEL
1089 2019 150 22 d'OUSTRAC
1284 2019 119 27 Mat/ran.

896 2055 38 21 C«.
943 2057 22 18 et
976 2054 65 21 Ct.
1050 2053 25 21 E.
1086 2059 32 14 de
1128 2052 56 22 LAS
1195 2052 79 22 CASES
1316 2053 119 26 Matjran.

845 2094 27 21 65
896 2093 31 21 M.
941 2096 24 18 et
979 2092 49 21 M–
1044 2091 97 21 Charles
1156 2090 120 22 PASTEUR
1326 2091 91 21 Faure.

847 2132 25 21 73
897 2131 49 21 M"'
961 2128 174 23 LAR1V1ÈRE.

896 2165 31 21 M.
940 2167 23 18 et
973 2164 50 21 M–
1034 2163 57 21 Paul
1102 2163 35 21 LE
1147 2162 47 21 ROY
1235 2163 38 20 La
1291 2163 103 21 Jtioiére.
1451 2162 93 26 [Mardi)
