1749 2481
595 83 162 31 MAISONS
782 79 312 35 RECOMMANDÉES

360 177 206 32 CHOCOLATS

109 269 134 19 Coblentz
258 268 63 24 (M™0
337 267 107 25 Cécile),
459 267 22 19 11
498 265 43 23 bis,
553 270 89 15 avenue
657 262 159 25 Victor-Hugo

135 302 79 24 (XVI").

108 378 92 20 Pihan
212 378 76 24 (M»»),
305 378 189 22 Lamoureux,
504 378 175 20 successeur,
698 374 19 23 4,
732 373 85 20 Kaub.-

135 411 178 21 Saint-Honoré.
697 406 29 26 [7.
735 406 77 26 -235.14]

271 504 196 32 COIFFEURS
486 504 43 30 DE
546 503 118 30 DAMES

342 601 127 24 Auguste
481 600 101 20 PETIT

209 636 25 25 7,
245 640 50 15 rue
306 635 34 21 de
350 635 28 20 la
387 635 74 20 Paix
475 634 25 26 (à
509 632 152 25 l'entresol)
671 632 45 25 (u')

107 673 82 16 MODES
204 674 30 15 ET
249 674 141 15 COIFFURES
437 672 146 18 PERRUQUES
599 672 32 14 DE
644 670 62 16 TOUS
722 669 90 16 STYLES

197 702 85 20 Salons
291 708 60 20 pour
363 702 166 20 ondulations.
569 700 167 25 Shampooing.

281 736 73 20 Fards
363 736 29 20 de
398 735 55 26 jour
465 738 22 17 et
496 735 29 20 de
535 735 103 19 lumière.
692 732 30 25 [f.
734 731 78 25 228.84]

279 825 362 31 CONFISEUR-GLACIER

105 906 131 25 Seugnot,
248 905 31 24 28,
290 911 42 14 rue
342 905 30 19 du
384 904 48 21 Bac
443 904 67 25 (vn«).
692 902 29 27 [3?
732 902 79 25 1H.85]

380 999 155 31 CORSETS

101 1082 94 26 Agier,
211 1083 39 24 1i,
263 1083 79 24 avenue
360 1082 27 25 de
400 1082 94 25 l'Opéra
508 1082 93 25 (Paris).
659 1081 83 20 Corset
757 1086 53 14 ana-

127 1113 103 24 tomique
245 1115 22 17 et
281 1112 145 26 scientifique
446 1112 28 20 de
488 1112 143 20 l'Académie
649 1111 28 19 de
692 1110 76 21 Paris.-

126 1141 103 21 Breeeté
245 1141 150 22 S.U.D.G.

101 1218 88 25 Léoty
200 1219 78 24 (M"
288 1218 19 24 8,
318 1218 30 25 pl.
360 1218 28 20 de
398 1218 23 20 la
432 1217 128 21 Madeleine
576 1217 76 25 (vin-).
683 1215 33 27 [35
727 1215 78 27 229.D9)

196 1296 136 19 NAUDIN
360 1296 80 24 (Mm«),
468 1295 124 19 Inventeur
618 1293 95 21 breveté

233 1329 41 22 65,
290 1333 110 17 avenue
415 1329 122 24 d'Antin,
553 1329 32 21 65
601 1328 74 25 (vin")

144 1368 115 15 CORSET
274 1368 189 17 HYGIENIQUE
478 1368 34 15 ET
527 1361 234 21 PERFECTIONNÉ
748 1361 13 20 É

246 1396 82 26 Corset
341 1396 68 26 jupon
425 1400 24 17 et
462 1399 78 18 corset
555 1396 28 20 de
597 1402 61 20 peau

182 1493 219 31 COUTURIERS
422 1494 41 30 ET
479 1484 242 39 COUTURIÈRES

97 1580 245 25 Aine-Montaillé,
352 1581 18 24 1,
381 1580 67 26 place
461 1580 121 20 Vendôme
597 1580 52 23 (i«).
679 1579 29 25 p
725 1580 79 24 112.94)

115 1661 118 21 CADOT
248 1662 78 24 (M»'),
338 1661 41 23 21,
392 1666 109 16 avenue
510 1662 194 25 Victor-Hugo
716 1660 69 26 (xvi«)

274 1695 143 21 SPÉCIALITÉ
432 1701 67 15 POUR
514 1701 110 15 ENFANTS

216 1728 116 26 Lingerie
346 1728 14 26 –
377 1729 131 21 Costumes
556 1729 127 26 Chapeaux

94 1802 157 23 Laferrièro
262 1805 76 25 (M"»),
352 1804 31 26 28,
398 1811 42 13 rue
454 1805 108 20 Taitbout
576 1806 59 25 (is-).
685 1805 30 26 \Ji
732 1806 70 19 139.10

689 1840 22 17 et
721 1838 78 24 139.17]
781 1838 18 24 î)

93 1911 109 26 T.elong
225 1911 104 24 fA.-E.).
350 1912 33 18 1ft.
408 1911 79 26 plarft
500 1911 26 26 de
546 1912 22 19 la
586 1910 127 21 Madeleine
728 1912 71 20 (vin8)

675 1945 36 25 [f.
723 1945 73 25 2«.41|

92 2019 92 22 Morin
196 2021 26 19 et
231 2020 134 25 Blossier,
377 2020 30 25 fa,
418 2026 42 14 rue
470 2021 99 20 Daunou
579 2021 53 25 (n«).
674 2020 29 26 [3:
719 2020 78 27 228.59)

90 2096 129 26 Eedfern,
234 2097 44 25 242,
292 2103 43 14 rue
349 2096 29 21 de
392 2097 77 21 Rivoli
484 2098 52 26 (i").
671 2098 30 26 [?.
717 2098 78 26 240.38]

90 2164 113 25 Worth,
216 2164 20 26 7,
246 2170 42 14 rue
298 2164 28 20 de
342 2165 22 19 la
374 2165 58 21 Paix
446 2167 51 24 (n«).
670 2167 31 26 [I
715 2167 80 26 228.88]

960 167 219 48 CURIOSITÉS,
1212 177 130 31 OBJETS
1376 178 106 30 D'ART

870 257 175 28 Seligmann,
1060 259 31 26 23,
1106 259 67 26 place
1189 258 120 22 Vendôme
1324 260 53 25 (i«).
1454 260 29 26 [7.
1498 261 80 27 229.68]

1124 350 201 31 DENTELLES

1041 424 125 21 Maurice
1179 426 230 21 DALSHEIMER

907 461 99 18 STORES
1022 461 16 18 –
1054 461 149 18 NAPPERONS
1219 461 16 18 –
1254 464 115 15 RIDEAUX
1385 464 16 15 –
1416 465 127 16 CORSAGES

1123 497 133 19 GUIPURES,
1271 498 52 14 ETC.

937 523 43 22 44,
995 524 164 21 Boulevard
1174 526 201 23 Malesherbes,
1390 528 35 19 44
1441 528 70 26 (rai')

1127 629 192 31 DENTISTES

982 710 251 23 "INDOLORE"
1264 716 196 19 DENTAIRE
1442 718 18 17 E

894 743 46 20 Ch.
952 743 236 22 DIEFENTHAL.
1199 745 32 25 0,
1246 745 16 20 di
1272 745 16 20 k
1302 745 59 21 Faeillé
1370 746 24 21 de
1406 746 60 21 H.imm
1481 748 17 20 ie
1509 748 41 22 Fans

865 776 113 20 Dentiste
995 776 29 20 de
1039 777 26 20 la
1082 777 25 21 S.
1119 778 31 20 A.
1169 778 30 20 de
1214 778 30 20 la
1261 779 147 22 Préfcetare
1430 780 29 21 de
1479 781 94 21 Police.

987 815 97 13 MALADIES
1102 815 25 13 DE
1148 815 23 13 LA
1195 816 79 13 TîODCHK
1295 817 22 12 ET
1337 818 35 12 DES
1393 818 30 14 HEN
1433 818 20 14 TS

890 864 51 20 Rue
956 864 175 28 Desrenaudes,
1142 867 25 20 22
1181 867 77 26 (angle
1268 868 28 20 de
1309 867 104 21 l'avenue
1424 868 124 27 Wagroin)

1017 895 34 21 De
1065 896 13 19 2
1091 896 25 20 h.
1134 898 14 19 à
1162 898 11 19 5
1186 898 84 20 heures
1290 898 29 25 [S
1335 898 85 25 S38.Ï5]

919 923 119 27 Clinique:
1058 925 32 24 85,
1107 925 299 27 I'aubourg-Saint-Denis.
1419 925 13 27 –
1451 928 67 21 Paris

1017 954 34 20 De
1069 954 12 20 8
1092 954 85 21 heures
1191 957 14 18 à
1220 956 53 19 midi
1289 956 30 26 [H
1334 957 85 25 114.99]

864 982 81 26 Lundi,
960 982 124 27 Mercredi,
1096 984 187 27 Vendredi'soir,
1299 986 29 21 de
1341 987 12 21 8
1369 986 23 21 h.
1406 988 14 18 a
1432 988 27 20 10
1473 987 96 21 heures.

1057 1086 96 30 EAUX
1174 1079 201 40 MINÉRALES

899 1166 111 22 Maison
1025 1169 108 21 ADAM–
1154 1169 43 21 H.
1209 1170 135 26 BROISE,
1355 1171 169 22 Successeur

989 1201 175 22 Contrexéville
1204 1203 125 21 Cauterets
1370 1205 74 26 Vichy

1026 1235 59 21 Euis
1099 1235 14 21 –
1126 1236 89 21 Selters
1261 1237 143 23 Plombières

861 1267 42 26 31,
915 1268 163 22 Boulevard
1088 1270 49 20 des
1148 1270 125 26 Italiens,
1285 1272 31 21 31
1328 1273 52 24 (n>).
1446 1273 31 26 [7.
1490 1274 78 25 136.16]

860 1345 172 22 Concession
1044 1346 33 21 de
1087 1347 81 21 l'Eau
1178 1348 121 27 d'Orezza,
1312 1348 54 27 103,
1379 1355 42 15 rue
1430 1350 32 20 La
1472 1350 96 27 Fayette

1442 1384 31 25 [T.
1486 1386 79 25 431.89]

986 1457 144 37 ÉCURIES
1150 1465 229 39 (Installations
1394 1469 44 39 d')

857 1546 132 25 Cabanel,
1008 1547 107 21 Brunet
1130 1549 27 19 et
1174 1548 38 20 O
1231 1549 60 24 (M»»
1309 1549 101 27 Laloy),
1425 1551 34 25 "3,
1473 1556 91 16 avenue

883 1580 40 20 des
938 1579 212 28 Champs-Elysées
1164 1583 73 23 (vm«).
1443 1584 30 26 [3«
1484 1584 79 27 ai8.M]

1093 1671 231 40 ÉLECTRICITÉ

855 1754 83 26 École
954 1759 185 22 d'Electricité
1158 1755 169 32 BRÉGUET,
1339 1762 108 23 81-83-85,
1459 1762 36 23 rue
1512 1763 49 19 Fal-

879 1789 80 25 guière
970 1788 69 26 (xv").

1038 1877 336 39 ÉLECTROTHÉRAPIE

852 1955 115 21 Institut
981 1954 289 26 Ptiysicothèrapique
1295 1954 33 20 de
1352 1955 90 24 Paris,
1464 1955 32 21 25,
1518 1961 42 14 rue

877 1984 42 20 des
946 1984 131 20 Mathurins
1101 1983 92 27 .Opéra)
1225 1983 70 25 (vm«)
1327 1986 22 16 et
1374 1983 118 21 MAISON
1520 1984 38 20 DE

878 2014 109 24 SANTE,
1002 2016 31 22 1^,
1048 2013 130 21 boulevard
1193 2013 29 20 de
1240 2013 22 20 la
1281 2012 138 26 Madeleine,
1433 2013 127 21 Etablisse-

876 2046 63 18 ment
954 2043 99 20 médical
1063 2042 21 20 le
1095 2042 53 27 plus
1164 2042 101 26 complet
1276 2042 29 20 du
1320 2042 100 20 monde.
1436 2042 16 20 –
1472 2042 86 21 Traite-

876 2075 62 18 ment
956 2072 43 21 des
1019 2072 115 21 maladies
1148 2071 141 27 chroniques
1307 2077 44 21 par
1369 2071 34 20 les
1422 2075 82 22 agents
1523 2072 36 21 les

874 2104 52 25 plus
950 2104 121 25 puissants
1093 2103 29 20 de
1140 2103 24 20 la
1183 2102 117 25 Physique
1323 2101 118 21 moderne.
1460 2102 98 21 Service

875 2133 102 26 complet
991 2131 109 27 d'Electro
1112 2131 109 27 thérapie,
1242 2130 211 28 d'Hydesthêrapie,
1467 2132 29 20 de
1514 2132 46 21 Ha-

875 2162 144 26 diographie,
1034 2165 53 22 etc.,
1099 2164 44 18 etc.
1440 2160 32 28 [35
1482 2160 75 28 373.39]
