1749 2481
735 101 302 30 PARIS-MO.NDAIN

310 240 563 66 CENTRALISATION
935 247 75 59 DE
1064 235 419 72 SPÉCIALITÉS

196 343 164 38 Fabrique
379 345 38 30 de
437 344 170 34 Teintures
624 353 86 31 pour
728 347 37 32 la
783 347 92 32 barbe
890 349 35 30 et
938 348 50 31 les
1001 348 134 32 cheveux
1154 348 38 32 et
1205 348 203 32 deProduits
1421 326 38 53 de
1478 326 114 53 Beauté

573 423 226 45 Produits
825 423 65 46 du
925 425 53 43 Dr
1011 425 198 45 NEW'S

199 518 792 61 G-UTIERRES,
1057 510 532 63 IÎ)i3?ecte-u.a?

440 610 19 26 6
479 610 176 27 Médailles
674 610 19 27 –
713 614 84 25 Hors
818 614 171 26 Concours
1049 614 141 26 Membre
1209 613 41 26 du
1269 615 77 32 Jury

319 684 54 42 31,
391 693 72 27 rue
493 685 228 45 Dussoubs,
745 687 152 40 PARIS
916 687 62 48 (2e)
999 687 105 45 (coin
1133 696 74 26 rue
1237 686 224 46 Réaumur)

191 1458 73 27 Eau
279 1459 132 26 ItalTah.
428 1458 82 28 Cette
525 1458 123 28 teinture
659 1458 258 34 universellement
934 1458 137 34 répandue
1084 1458 96 27 donne
1195 1466 37 18 en
1248 1466 55 18 une
1320 1460 79 24 seule
1414 1456 174 36 application

258 1505 43 26 les
317 1505 64 35 plus
396 1505 81 27 beaux
493 1505 65 27 tous
605 1506 88 32 Noir,
710 1506 98 31 Brun,
830 1504 144 34 Châtain,
990 1505 117 26 Blond.

192 1564 238 27 L'OberlofTest
443 1574 37 16 un
497 1565 280 35 perfectionnement
791 1565 33 26 de
840 1565 84 26 l'Eau
940 1564 134 32 italTiili,
1091 1567 73 23 cette
1179 1564 125 26 teinture
1322 1563 181 26 instantanée
1513 1571 76 18 com-

258 1612 93 32 prend
365 1619 70 18 onze
450 1619 138 25 nuances,
604 1611 92 35 parmi
715 1611 153 34 lesquelles
884 1619 31 18 se
931 1614 135 23 trouvent
1081 1610 45 27 six
1142 1610 103 26 blonds
1260 1610 158 26 différents.

326 1657 107 27 Toutes
444 1658 42 26 les
501 1666 128 19 nuances
638 1657 140 28 obtenues
793 1665 69 19 avec
876 1664 49 20 ces
939 1657 131 34 produits
1085 1660 66 23 sont
1166 1657 24 26 si
1213 1656 158 27 naturelles
1398 1663 55 28 que
1472 1654 69 27 l'œil
1562 1655 25 26 le

258 1703 65 33 plus
338 1707 105 23 exerce
459 1704 41 33 s'y
515 1707 120 30 trompe.

192 1760 70 26 Eau
279 1761 114 26 Detark
448 1765 113 30 permet
576 1761 149 34 d'obtenir,
742 1769 70 19 sans
830 1762 52 33 fer,
898 1769 58 19 une
971 1761 106 26 frisure
1093 1769 36 17 ou
1144 1768 56 18 une
1215 1759 166 27 ondulation
1396 1760 136 28 durables
1549 1760 34 28 en

258 1807 122 26 laissant
394 1808 27 25 la
435 1808 151 33 souplesse
596 1816 56 18 aux
665 1808 130 26 cheveux
814 1806 93 36 qu'elle
920 1806 120 36 fortifie,

191 1866 39 25 Le
245 1865 134 26 Pétrole
404 1867 42 24 Dr
462 1866 107 26 A'ew's
588 1869 43 24 est
646 1866 28 26 la
688 1867 150 26 meilleure
853 1866 89 26 lotion
967 1873 73 25 pour
1057 1865 162 27 l'entretien
1243 1865 35 27 de
1298 1865 26 26 la
1347 1866 152 26 chevelure
1520 1866 66 33 qu'il

258 1907 135 26 renforce
410 1912 28 22 et
456 1908 27 26 le
502 1912 152 30 nettoyage
665 1909 36 26 de
716 1908 24 26 la
754 1910 58 24 tête
828 1909 16 25 à
858 1908 125 34 laquelle
999 1907 26 27 il
1038 1907 79 27 laisse
1134 1915 40 18 un
1189 1907 112 34 parfum
1322 1907 146 35 agréable.

191 1967 40 25 La
245 1966 118 26 Crème
379 1967 41 26 Dr
435 1967 107 26 lew's
565 1975 140 18 conserve
720 1970 17 23 à
762 1968 26 25 la
810 1974 73 27 peau
897 1967 28 26 la
953 1966 147 26 fraîcheur
1121 1966 34 27 de
1170 1966 28 26 la
1217 1965 147 35 jeunesse,
1380 1966 38 27 lui
1438 1966 95 27 donne
1550 1967 36 25 du

258 2012 114 26 velouté
392 2016 26 23 et
434 2014 28 25 la
476 2013 170 27 débarrasse
661 2014 50 26 des
726 2015 122 25 boutons
863 2016 28 23 et
904 2020 156 26 rougeurs.

191 2072 41 25 La
245 2071 133 27 l'ouclre
392 2061 179 45 Epilaloirc
586 2073 40 25 II'
640 2073 106 26 Kew's
761 2073 50 25 fait
819 2072 175 33 disparaître
1003 2071 247 27 immédiatement
1258 2075 62 24 tous
1330 2073 80 33 poils,
1425 2071 97 35 quelle
1538 2071 48 35 que

259 2116 56 28 soit
329 2116 64 28 leur
407 2118 88 32 force,
507 2126 66 19 sans
585 2126 92 18 aucun
690 2118 174 34 dangerpour
881 2118 34 34 la
929 2124 72 26 peau
1014 2117 28 26 la
1051 2117 64 33 plus
1126 2117 123 27 délicate
1259 2118 110 34 (Grand
1381 2118 113 27 modèle
1503 2118 16 26 6
1528 2119 57 31 fr.).
