1749 2481
686 112 342 31 ALPES-MARITIMES

379 113 147 29 CANNES

1203 114 145 30 CANNES

136 204 143 27 Lavagino
306 202 116 29 (Gaétan),
449 202 77 22 chalet
561 202 41 22 des
629 202 87 26 Dunes,
744 201 92 23 chemin

164 236 152 24 Notre-Dame
329 235 41 24 des
384 235 62 24 Pins.

137 275 132 22 Lavallée
285 273 146 30 villa
443 272 101 24 Maurice
558 272 74 29 Alice,
647 272 83 24 ancien
744 272 92 23 chemin

165 303 29 23 du
208 303 102 23 Cannet.

136 343 135 25 Lavalley
286 340 75 29 (M""),
376 340 74 23 chem.
460 340 28 23 de
498 339 133 30 Vallergues,
643 339 60 30 villa
714 339 121 30 Lavalley.

136 385 110 21 Lebrun
262 382 52 29 (P.),
329 382 137 29 Ingénieur,
481 383 36 26 24,
533 389 41 15 rue
589 381 131 24 d'Antibes.

136 421 115 21 Lecroat
265 418 37 30 (M.
318 422 23 18 et
353 418 66 28 M""),
434 420 14 20 à
461 418 23 22 la
499 417 134 28 Californie,
653 417 56 23 villa
719 417 115 30 La-Vigie.

136 457 180 22 Lefaucheux
331 455 54 29 |M™
399 455 110 30 Eugène),
524 454 57 24 villa
595 454 201 30 Ste-Marguerite.

135 493 184 29 Legendre(M.
331 493 25 22 et
368 493 37 22 M°"
415 493 87 26 Louis),
513 491 322 31 ^[néeDombrowska],

164 526 67 18 route
245 522 128 28 d'Antibes,
389 522 56 22 villa
460 522 102 21 Wiosna.

136 562 36 21 Le
186 561 68 26 Goff,
272 560 56 22 villa
340 559 102 27 Yvonne,
456 558 127 24 boulevard
598 559 30 23 du
643 558 95 24 Cannet.

135 600 128 25 Legrand
286 597 37 29 (M.
344 601 23 18 et
387 597 65 28 M"'),
475 597 64 22 boul.
565 597 28 22 de
608 596 150 30 Strasbourg,
778 596 57 22 villa

164 630 86 24 Patria.

135 671 102 20 Leusse
252 668 71 30 (G'
338 668 54 23 Paul
408 668 35 29 de)
460 668 50 30 [née
522 668 25 30 de
564 667 147 30 Bussierre],
724 667 67 30 villa
807 667 29 23 de

163 699 94 26 Leusse,
272 698 92 22 chemin
378 697 28 22 de
421 698 21 21 la
457 696 134 23 Californie.

135 738 102 21 Leusse
253 735 45 29 (V"
313 734 52 31 Guy
379 734 35 28 de)
431 735 31 29 [et
476 734 64 22 Vl«"
555 736 40 21 née
606 733 135 30 Moreau],
751 741 42 16 rue
806 733 30 24 de

164 764 89 31 Fréjus,
269 764 57 23 villa
339 763 248 24 Ferdinand-Moreau.

136 805 101 20 Leusse
259 802 46 29 (V1*
325 802 96 22 Charles
443 801 37 29 de)
503 801 33 30 [et
553 801 64 22 V1""
636 802 41 21 née
697 801 135 30 Eugster],

165 835 55 23 villa
233 836 93 22 Leusse.

135 874 124 21 Leveillé
275 873 48 29 (J.),
337 873 91 22 chemin
440 872 42 23 des
495 872 127 27 Vallauris,
645 871 57 23 villa
717 871 117 23 Caroliua.

136 913 71 26 Leys
222 910 38 30 (M.
274 914 24 19 et
310 910 66 29 M™*),
391 917 41 16 rue
445 909 29 24 de
489 910 23 22 la
525 909 106 30 Ferrage,
640 909 64 23 villa
716 909 115 23 Théodore.

135 950 143 27 L'Hôpital
293 949 56 29 (de),
363 955 42 15 rue
418 948 28 22 de
459 948 106 27 Mimont,
580 947 187 23 maison-Hibert.

135 988 81 21 Liaut
232 986 35 27 (M.
283 990 24 19 et
319 986 65 28 M1"*),
400 993 87 15 avenue
502 985 30 23 du
543 984 224 28 Prince-de-Galles,
778 984 57 23 villa

163 1015 116 23 Terrifiai.

135 1055 134 25 Liégeard
283 1053 37 28 (M.
336 1055 22 20 et
371 1052 48 23 Mm'
439 1052 120 30 Stéphen),
574 1052 37 28 #,
630 1052 90 22 Ancien
735 1052 99 28 Député,

162 1086 129 23 Président
301 1087 28 22 de
343 1086 24 23 la
381 1085 93 23 Soeiété
482 1085 124 23 nationale
616 1085 27 29 <f
656 1085 178 29 encouragement

164 1126 31 17 au
210 1120 64 26 bien,
289 1119 57 23 villa
359 1118 40 24 des
412 1118 123 24 Violettes.

135 1159 175 26 Liwingston
326 1158 36 28 (M.
378 1160 23 19 et
414 1157 66 28 M"),
495 1157 57 22 villa
566 1156 120 23 St-Priest.

135 1197 97 25 Lloyd,
247 1195 63 22 boul.
326 1195 94 26 Caniot,
433 1194 57 22 villa
507 1194 143 29 Campestra.

135 1235 126 22 Lobanof
273 1233 44 30 (P«
331 1238 22 19 et
367 1234 72 28 P"–)
455 1233 50 30 [née
520 1233 28 23 de
563 1233 91 29 Ralli].

134 1273 217 26 Locon-Cepeck
367 1271 121 30 (Charles),
504 1271 57 22 villa
574 1272 43 21 Les
634 1271 83 23 Roses.

134 1311 138 20 Lombard
287 1309 77 29 (M™*),
376 1309 38 29 rue
431 1309 154 23 Félix-Faure.

134 1348 164 26 Longeville
314 1347 55 30 (de),
391 1348 28 28 {£j
434 1347 126 31 Gothique,
574 1351 68 18 route
655 1347 29 22 de
698 1347 123 23 Grasse.
815 1361 6 5 •

135 1384 71 23 Lord
225 1384 38 28 (M.
288 1388 24 19 et
333 1385 66 28 M"*),
422 1384 59 23 villa
498 1385 45 22 Les
556 1384 82 28 Lotus,
654 1384 91 23 chemin
768 1384 28 23 de
813 1385 23 22 la

163 1417 136 23 Californie.

136 1456 112 21 Lorière
268 1455 37 27 (M.
330 1455 20 23 J.
371 1455 37 27 de)
430 1455 32 29 [et
479 1455 48 23 M-'
544 1457 43 21 née
614 1454 221 29 Malinguehen],

162 1483 58 23 villa
234 1483 28 23 de
276 1484 103 26 Lorière,
397 1491 43 15 rue
452 1483 119 24 d'Oxford.

135 1522 95 21 Loriol
245 1521 55 29 (Mm<
313 1521 48 28 de),
374 1524 69 19 route
456 1521 131 27 d'Antibes,
602 1521 57 22 villa
673 1520 66 23 Gros.

136 1560 226 26 Lumley-Savile
382 1558 81 28 (Miss),
483 1558 58 23 villa
554 1557 134 27 Edelweiss,
706 1557 64 23 boul.
793 1556 44 24 Su-

162 1587 94 30 périeur
269 1587 29 23 de
313 1588 22 22 la
349 1587 134 24 Californie.

135 1627 113 26 Luynes
267 1626 55 28 (D"«
351 1625 35 29 de)
409 1626 50 28 [née
484 1624 29 24 de
531 1627 39 20 La
587 1625 247 29 Rochefoucauld],

163 1655 66 30 villa
242 1655 93 30 Luynes.

136 1694 154 24 Lycklama
311 1692 48 29 (B"
377 1696 22 19 et
415 1692 62 23 B«°"
495 1692 48 29 de),
561 1692 57 23 villa
640 1691 137 31 Lycklama,
794 1698 42 17 rue

164 1721 136 29 Lycklama.

136 1759 154 26 Lycklama
305 1759 48 29 (B"
367 1759 46 28 de),
426 1759 59 23 villa
501 1759 85 28 Oritia,
603 1759 65 23 bout.
688 1759 31 22 du
738 1759 96 22 Cannet.

134 1856 200 25 Mac-Dougall
349 1854 56 29 il)'),
420 1856 21 24 1,
456 1855 64 21 boul.
535 1854 95 22 Carnot.

134 1891 244 28 Maokeuzie(M°"),
384 1891 65 27 villa
462 1891 169 27 Letterewe,ch.
641 1891 41 22 des
691 1891 144 29 Vallergues.

134 1932 61 18 Mac
209 1931 120 19 Namara
344 1928 47 29 (B""
404 1927 47 28 de),
467 1928 56 22 villa
532 1928 162 26 Beau-Désert,
706 1929 91 21 chemin
807 1929 29 21 de

164 1956 24 23 la
200 1956 135 23 Californie.

134 1995 159 22 Malézieux
308 1994 74 29 (M"*),
396 1994 57 22 villa
467 1994 87 28 Pierre,
569 1994 64 22 boul.
648 1994 116 23 d'Alsace.

133 2035 99 20 Mallet
246 2031 85 31 (Léon),
343 2031 61 31 villa
416 2032 185 27 Montcharmant,
615 2032 42 27 rue
673 2031 102 23 Borniol.

133 2072 127 25 Mangini
275 2069 36 29 (M.
326 2073 24 19 et
363 2069 48 23 M"*
419 2069 105 28 Lucien),
535 2070 84 23 ancien
630 2069 125 27 Sénateur,
768 2073 67 20 route

162 2098 29 24 de
205 2099 93 27 Grasse,
313 2098 62 24 villa
387 2098 111 24 Beaulieu.

134 2140 102 19 Manne
252 2137 55 29 (M»»
321 2136 46 29 de),
382 2138 36 26 48,
434 2143 40 16 rue
484 2137 129 22 d'Antibes.

134 2176 93 21 Mante
242 2174 73 29 (Mm#),
330 2174 56 23 villa
399 2174 119 27 Africana,
534 2179 67 19 route
615 2174 129 24 d'Antibes.

888 205 94 19 Marco
1000 204 45 21 del
1063 205 87 21 Ponte
1166 203 73 29 (M™'),
1251 203 24 29 6,
1295 203 64 22 boul.
1380 202 28 22 de
1424 202 20 22 la
1465 202 122 22 Croisette.

887 241 126 26 Marquis
1037 240 35 30 (M.
1097 244 23 19 et
1142 240 65 29 M»"),
1231 240 63 23 boul.
1315 239 273 29 Notre-Dame-des-Pins,

916 273 78 23 chalet
1007 273 130 23 Les-Dunes.

888 312 104 22 Martin
1007 310 74 30 (M–),
1095 311 57 24 villa
1166 311 107 27 St-Roch,
1287 311 74 22 chem.
1373 311 28 23 de
1416 311 22 23 la
1453 310 134 23 Californie.

887 351 151 25 Massuque
1061 349 37 29 (M.
1117 349 101 30 Eugène)
1234 349 32 30 [et
1284 348 47 23 M""
1352 350 41 21 née
1410 349 178 29 Watchenq],

917 381 111 23 Val-Bois.

888 420 137 21 Mathelin
1039 419 47 30 (M),
1096 420 57 22 villa
1163 420 41 22 des
1213 420 91 26 Fleurs,
1315 420 63 21 bout.
1389 419 28 22 de
1432 420 23 22 la
1464 419 123 23 Croizette'.

888 458 140 21 Mathews
1043 457 57 29 (D'),
1114 457 36 23 cti.
1165 457 41 23 des
1220 456 134 30 Vallergues,
1366 456 61 30 villa
1439 456 24 30 Le
1478 457 109 29 Bosquet.

887 497 117 24 Maumy
1019 494 38 29 (M.
1072 498 23 18 et
1109 495 66 27 Mm"),
1190 502 29 15 au
1234 495 132 26 Petit-Juas,
1381 494 58 22 villa
1452 494 101 29 Maumy.

889 533 111 21 Maurin
1015 531 59 28 (M.),
1085 531 59 28 villa
1158 531 139 31 Véronique,
1313 539 87 16 avenue
1418 531 117 23 Windsor.

887 571 391 26 Mecklembourg-Schwêrin
1294 569 34 28 (L.
1343 570 27 21 A.
1387 569 25 22 R.
1424 569 19 22 le
1454 569 136 23 Grand-Duc

916 606 23 18 et
955 602 21 22 la
990 601 92 24 Grande
1097 603 55 22 I)*
1168 602 46 30 de],
1230 603 63 22 boul.
1308 603 29 22 de
1351 603 32 22 La
1402 602 115 28 Favorite,
1532 602 56 23 villa

916 635 109 23 AVinden..
1484 652 12 10 “

887 674 77 21 Mehl
980 673 73 29 (M™*),
1069 674 55 22 villa
1137 674 44 22 Les
1195 674 98 29 Agaves,
1304 678 67 18 route
1384 674 29 22 de
1426 674 89 29 Fréjus.

887 712 95 21 Melon
996 712 32 21 de
1045 713 109 20 Pradou
1171 711 51 28 (M""
1237 711 94 28 Claire),
1352 711 64 22 bonl.
1437 711 28 23 de
1484 712 22 21 la
1521 710 66 23 Croi-

916 747 68 24 sette,
1003 744 57 22 villa
1074 744 134 23 Ste-Claire.

887 782 107 22 Menier
1010 780 56 30 (M.),
1079 781 57 23 villa
1150 781 116 26 Miramar,
1282 785 66 20 route
1362 782 130 24 d'Antibes.

887 820 106 20 Menier
1009 819 56 29 (M.),
1080 819 57 22 villa
1149 819 73 27 Zima,
1238 823 68 18 route
1320 819 127 23 d'Antibes.

886 856 126 23 Mentzer
1027 856 56 28 (M.),
1099 864 82 22 square
1195 857 114 22 Mérimée.

886 895 115 21 Mestral
1017 894 38 29 (Dr
1068 894 48 29 de),
1130 894 56 23 villa
1200 894 130 29 Mustapha.

886 933 122 20 Meuziès
1025 931 55 29 (D'),
1094 933 38 25 40,
1147 938 41 16 rue
1202 932 29 22 de
1246 932 87 30 Fréjus.

887 970 127 21 Meunier
1033 971 33 20 de
1087 971 165 21 Va.rlemont
1273 969 36 29 (M.
1325 973 24 19 et
1365 969 66 29 M™*),
1453 969 90 24 chemin
1558 970 30 23 de

915 1002 113 27 Moutiial,
1043 1002 57 23 villa
1115 1002 83 30 Migno.

887 1041 175 26 Meyendorff
1075 1040 55 29 (Mœ"
1145 1040 45 27 de),
1203 1041 62 22 bout.
1281 1041 28 21 de
1323 1041 24 22 la
1357 1040 121 29 Croisette,
1488 1041 56 22 villa
1555 1041 33 23 La

916 1068 122 23 Croisette.

887 1107 104 21 Michel
1010 1108 33 20 de
1061 1108 99 21 Russie
1175 1106 31 27 (S.
1231 1106 27 23 A.
1278 1107 17 22 I.
1311 1107 21 22 le
1354 1106 155 30 Grand-Duc),
1523 1107 56 23 che-

916 1139 49 21 min
974 1139 29 22 de
1017 1138 135 28 Californie,
1166 1140 58 21 villa
1237 1139 115 23 Kasbeck.

887 1178 103 21 Michel
1005 1176 57 29 (M.),
1077 1177 137 28 Ingénieur,
1229 1178 21 26 8,
1266 1177 55 30 quai
1336 1177 121 24 St-Pierre.

887 1216 154 20 Michelant
1059 1214 73 29 (M»"),
1147 1214 57 23 villa
1217 1215 132 27 Michelant,
1366 1219 66 19 route
1455 1216 131 23 d'Antibes.

887 1254 163 25 Micoulsky
1066 1251 36 28 (M.
1119 1255 24 20 et
1157 1251 47 23 M"°
1219 1252 24 23 T.
1261 1252 47 29 de),
1323 1253 58 22 villa
1396 1253 94 23 France.

887 1291 91 21 Millet
993 1290 57 29 (M.),
1065 1290 57 22 villa
1136 1290 128 28 Val-Riant,
1280 1290 91 24 chemin
1388 1290 28 24 de
1431 1290 126 24 Vallauris.

887 1329 108 21 Molard
1010 1327 57 29 (M.),
1083 1328 136 29 Ingénieur,
1234 1329 21 26 7,
1266 1334 42 16 rue
1322 1328 30 23 de
1364 1329 90 30 Fréjus.

887 1366 130 23 Monnier
1032 1365 56 27 (M.),
1102 1364 58 24 villa
1175 1365 112 28 Bénéfiat,
1302 1366 91 23 chemin
1407 1366 29 24 de
1450 1367 111 23 Bénéfiat.

886 1405 143 20 Montlaur
1044 1402 43 29 (O
1102 1402 47 28 de),
1161 1403 58 22 villa
1232 1403 202 24 Vallon-Villardi.

886 1442 114 20 Moreau
1024 1439 74 30 (M""),
1121 1439 56 23 villa
1197 1440 241 29 Ferdinand-Moreau,
1465 1446 67 19 route
1558 1442 30 23 de

916 1468 88 30 Fréjus.

887 1507 88 21 Morel
990 1505 55 30 (M»'
1060 1506 45 29 T.),
1119 1506 57 22 villa
1190 1506 74 30 Tony,
1279 1507 64 23 boul.
1358 1508 31 22 du
1406 1508 95 23 Cannet.

887 1544 103 21 Morier
1004 1543 94 29 (Lady),
1112 1543 63 23 boui.
1190 1543 98 27 Leader,
1301 1544 57 23 villa
1371 1545 170 23 Montbrillant.

888 1581 100 22 Morris
1002 1580 155 29 (Capitaine),
1171 1581 77 22 chalet
1263 1581 135 29 Chamonix,
1413 1584 30 20 r"
1454 1583 29 22 de
1494 1583 90 29 Fréjus.

887 1619 132 22 Morville
1035 1617 43 29 (C«*
1093 1622 24 19 et
1131 1617 62 23 Cu>"
1207 1618 46 28 de).

887 1658 112 25 Mossop
1014 1656 81 28 (Miss),
1110 1656 56 22 villa
1179 1656 90 28 Albert,
1286 1661 66 19 route
1366 1656 29 24 de
1408 1656 89 31 Fréjus.

887 1694 179 21 Mulholland
1080 1693 78 29 (Hon),
1172 1693 56 23 villa
1247 1693 182 31 Champ-Fleuri,
1448 1694 91 23 chemin
1557 1695 30 22 de

917 1723 23 21 la
954 1722 133 23 Californie.

887 1761 222 22 Munier-Jolain
1128 1759 37 29 (M.
1189 1763 24 20 et
1230 1760 65 29 Mm#),
1314 1765 67 19 route
1399 1760 28 24 de
1441 1761 93 28 Grasse,
1551 1764 29 26 fa

917 1788 123 30 Gothique.

887 1829 116 24 Murray
1018 1826 93 29 (Lady),
1126 1826 56 22 villa
1196 1826 112 29 Victoria,
1324 1832 67 18 route
1405 1827 28 23 de
1447 1828 89 30 Fréjus.

887 1922 144 22 _\aianson
1046 1920 57 29 (M.),
1117 1921 57 22 villa
1189 1920 144 29 Sans-Gène,
1348 1921 62 23 boul.
1427 1922 97 23 Leader.

887 1961 125 19 Navarre
1027 1957 57 29 (M.),
1100 1957 135 30 Ingénieur,
1248 1964 84 24 square
1345 1958 115 23 Mérimée.

887 1996 103 27 Négrin
1006 1994 74 30 (M""),
1094 1994 57 23 villa
1167 1994 292 25 Bastido-von-Troubaire.

887 2034 128 22 Neuflieu
1030 2032 56 30 (de),
1101 2032 63 23 boul.
1179 2032 115 29 d'Alsace,
1308 2033 56 23 villa
1382 2034 144 23 Saint-Marc.

887 2073 134 21 Nouveau
1037 2070 89 29 (Léon),
1143 2070 144 28 Architecte,
1307 2071 62 23 boul.
1390 2071 114 28 d'Alsace,
1529 2071 56 24 villa

916 2100 106 23 Claudia.

884 2173 165 26 O'Donogue
1057 2171 36 30 (M.
1098 2171 78 29 villa
1183 2171 30 24 Le
1219 2171 203 28 Belvédère,route
1428 2172 28 24 de
1464 2172 93 30 Pégomas
