1749 2481
267 134 155 39 Matignon
443 131 71 42 (rue
535 132 51 39 de)

1008 132 134 31 Messine
1159 130 136 41 (avenue
1314 130 50 39 de)

318 229 135 17 MATIGNON
470 222 86 30 (SUl'te)

90 276 26 19 10
142 275 31 19 M.
189 274 95 20 Charles
298 274 29 19 de
342 271 250 22 BEAUMARCHAIS.

140 308 49 21 M"
199 305 204 23 ETCHEVERRY
414 312 31 14 DE
456 299 121 27 PRKJAN.

140 342 30 19 M.
187 340 26 21 G.
229 341 26 19 R.
271 339 158 21 WALLACE.

141 374 31 21 M.
187 373 42 21 Ed.
243 372 160 22 WALLACE.

89 408 26 20 12
141 407 49 20 M–
204 407 104 25 Georges
322 401 191 25 FESTUG1ÈRES
567 405 96 26 Target.
692 403 90 26 [Lundi]

141 441 31 19 M.
188 440 56 20 Paul
259 438 127 21 TARGET.

141 473 30 20 M.
187 475 21 18 et
224 472 48 20 M""
287 472 70 20 Louis
371 471 106 20 TARGET
527 471 109 26 Maugis.

90 508 25 19 14
140 507 50 19 M»e
204 506 90 19 BOWES
348 505 124 26 Coysevox
482 504 28 19 de.
516 503 99 21 Saint-A
621 503 82 20 mand.

140 539 31 21 M.
181 542 23 17 et
212 538 49 21 M»1
270 538 57 21 Paul
337 530 150 28 DAUBRÉE.

91 573 24 20 16
141 572 37 21 O
188 574 22 18 et
219 571 65 20 C'
294 569 100 22 Amédée
410 569 167 22 d'HARCOURT
624 568 131 27 Laguiche.

142 605 50 20 Mi»
224 605 39 20 D"
297 610 32 14 du
364 603 150 21 LAGUICHE
588 602 198 21 Rochechoaarl-

166 637 157 21 Mortemart.

142 671 41 20 M"
193 673 23 17 et
226 670 49 20 M""
287 675 31 14 dr
330 668 135 21 [.AGUICHE
509 667 132 26 Arenherg.

143 704 67 21 C"
225 703 66 21 Louis
304 703 26 21 DE
342 696 108 26 MÉRODE
500 700 289 21 Roeheekouart-Morte-

168 739 74 18 mart.

144 770 36 21 O
190 772 22 18 et
220 769 65 21 C"
292 770 60 20 John
362 767 211 22 D'OULTREMONT
620 765 106 23 DTér°ode.

93 804 24 20 17.
145 803 36 21 C>
195 805 23 18 et
233 803 65 20 C"–
313 803 27 19 A.
356 808 30 14 df.
400 795 122 27 BÉJARRY
573 800 123 20 Hellman.

144 836 40 20 yi.
198 839 22 16 et
232 835 69 21 V'
310 835 117 20 Théobald
442 834 44 20 FOY
531 833 123 21 Hellman.

144 869 31 20 M.
190 868 53 21 Max
258 867 152 22 HELLMAN.

93 905 27 21 •18
146 905 46 21 M»"
204 905 105 21 Fernand
323 905 123 20 BOURDET
500 904 88 21 Vallée.

146 939 34 20 O
194 941 23 17 et
231 938 64 20 C"–
310 939 28 19 de
353 937 189 21 GUYENCOURT
595 936 119 21 Mathan.

145 972 30 21 M.
191 972 105 21 Edmond
309 977 31 15 DE
354 964 149 28 LAGRENÉ.

145 1005 31 20 M.
187 1005 26 20 E.
224 1010 31 15 DE
266 1005 38 20 LA
314 1004 260 20 HAYE-JOUSSELIN.

146 1038 30 20 M.
191 1038 98 20 Crucieu
303 1036 101 22 LUIGGI
419 1043 30 14 DE
464 1035 199 22 CHASTILLON.

147 1070 36 21 C"
192 1072 23 18 et
224 1070 66 21 C1""
298 1076 31 14 DE
339 1069 112 20 MATIIAN
495 1069 37 19 La
547 1067 206 27 Haye-Jousselin.

148 1103 30 20 M.
193 1106 23 16 et
229 1103 49 19 M"
292 1103 57 20 Jean
359 1101 109 21 MATHAN
516 1101 137 20 Limairae.

98 1137 25 21 19
149 1136 63 21 B°»«
226 1135 143 21 DURIEUX.

148 1169 65 21 C'«"
223 1174 32 14 DE
265 1168 173 20 L-ESPINASSE
485 1166 98 21 Forbes.
702 1165 89 26 [Mardi)

97 1203 26 20 22
150 1202 28 21 M.
193 1203 24 19 et
230 1202 49 20 M»«
293 1201 77 21 André
385 1200 140 22 BAUDRIER
575 1199 112 21 Jametel.
702 1198 89 27 [Lundi]

97 1236 27 20 24
149 1235 30 20 M.
195 1235 77 20 Pierre
287 1228 117 27 SÉGUIN.

96 1270 27 20 36
150 1269 30 20 Le
196 1268 98 21 Général
309 1267 142 21 WARNET.

328 1394 145 25 MAYET
489 1394 77 33 (rue)

102 1452 40 20 VI<
153 1453 51 19 Arr.
215 1452 81 24 (N.-D.
307 1451 39 20 des
357 1451 120 26 Champ»).
492 1451 30 26 <-
536 1450 51 20 Rue
601 1450 27 19 de
643 1450 93 24 Sévres,
750 1449 43 20 131.

114 1530 13 20 4
153 1529 64 21 O">
228 1529 64 21 Jules
302 1535 30 14 DE
345 1529 131 28 BRISAYV

153 1563 37 20 C1"
200 1563 69 19 Henri
280 1568 30 15 de
322 1562 118 21 BR1SAY.

102 1596 25 21 i4
154 1595 65 22 C"
229 1595 30 21 M.
274 1601 31 15 DE
319 1595 194 22 VILLENEUVE
528 1593 171 22 d'ESCLEVIN
713 1593 81 26 [Sam.]

293 1713 220 25 MAZARINE
528 1712 77 34 (rue)

201 1761 37 21 VI"
250 1761 50 21 Arr.
314 1761 136 26 (Monnaie).
463 1761 27 26 <-
502 1762 49 20 Rue
562 1762 28 20 de
600 1762 77 25 Seine,
688 1763 17 19 7.

103 1847 26 20 28
155 1847 29 19 M.
195 1849 22 17 et
227 1847 48 19 M««
285 1848 64 19 Léon
359 1852 30 14 DE
400 1847 84 20 ROSNY
533 1848 111 19 Deeaux.

297 1964 167 32 MÉDICIS
479 1971 66 32 (rue
559 1971 49 32 de)

181 2018 41 21 VI»
231 2019 49 20 Arr.
293 2019 105 26 (Odéon).
411 2019 26 26 <r
449 2020 49 20 Rue
508 2020 28 19 de
546 2020 137 25 Vaugirard,
692 2021 32 19 15.

118 2103 10 19 1
156 2102 31 20 M.
198 2105 22 17 et
230 2102 48 20 M»«
286 2103 196 26 Paul-Hyacinthe
493 2103 99 22 LOYSON
636 2104 162 27 Jayne-Buak-

183 2135 54 20 nell.

118 2169 13 20 5
157 2167 30 21 M.
198 2171 21 18 et
229 2168 48 21 M««
287 2170 82 21 Ernest
380 2170 134 22 LAVISSE.

1011 222 247 26 MEISSONIER
1274 220 76 34 (rue)

896 275 74 20 XVIIe
979 276 51 19 Arr.
1043 275 215 26 (Plaine-Monceau.)
1297 278 31 18 •
1338 278 31 18 rue
1381 273 86 26 Prony,
1480 273 31 20 48.

1066 315 42 14 rue
1116 308 113 25 Joulfroy,
1238 308 24 20 "il
1272 310 22 18 et
1303 307 30 21 79.

947 342 107 20 Paroisse
1090 340 327 27 Saint-François-de-Sales.

847 413 13 19 2
885 412 31 21 M.
927 412 80 21 Alfred
1017 412 112 21 DONON.

848 446 12 19 3
885 445 50 20 M"»
944 445 86 20 Arthur
1039 450 33 15 da
1082 445 85 20 CUNHA
1212 444 214 26 Argollo-Ferrao.

885 478 40 20 \u
939 481 22 16 et
974 477 69 20 y–
1057 478 82 20 Ernest
1149 484 31 13 DE
1195 477 148 20 MARCHENA
1408 476 84 21 Kukn.

885 509 31 21 M.
931 513 22 18 et
967 510 48 20 M»'
1030 510 57 20 Paul
1102 510 136 21 SERVOIS.

849 543 12 19 4
886 543 49 19 M»«
949 543 86 20 Marcel
1050 548 32 15 DE
1096 542 201 22 MARCHEVILLE
1349 542 106 26 Daguin.

886 575 30 21 M.
931 579 23 17 et
967 576 50 20 M–
1031 576 69 21 Louis
1114 582 31 14 DE
1159 575 198 21 MARCHEVILLE
1410 574 108 21 Bidoire.

848 609 12 20 6
886 609 23 20 M.
920 609 23 20 et
956 609 47 19 M»«
1012 609 102 20 Maurice
1125 609 143 20 BOULARD
1280 614 31 14 DE
1320 607 193 21 VILLENEUVE

912 641 150 27 Languillei.

887 678 30 21 M.
933 682 23 17 et
969 678 49 21 M™
1033 678 93 26 Eugène
1142 678 182 21 CIIATONAY:
1340 677 87 26 Feray.

887 711 49 20 M»8
951 712 85 19 Adrien
1051 712 167 20 LKVYLIER:
1235 711 163 21 (lomlehaux.

1332 743 72 26 [Jeudi
1418 746 12 18 4
1439 744 91 25 heures)

889 777 50 20 M"
949 777 27 20 Il.
984 777 382 21 SAINTE-CLAIRE-DEVILLE.

851 810 13 20 8
892 810 39 20 M'"
943 810 162 21 D'ANGELIS.

889 842 50 22 M»'
955 842 100 22 GARIN.

889 876 37 21 C««
935 876 135 20 Emmanuel
1079 882 31 14 DE
1119 876 213 22 MASSOUGNES.

889 908 40 22 V'«
939 909 76 20 Pierre
1030 915 30 15 de
1074 909 213 21 MASSOUGNES.

1046 995 190 32 MÉRIMÉE
1253 1001 76 31 (rue)

916 1050 61 20 XVI'
991 1050 50 20 Arr.
1057 1054 24 17 <r
1095 1050 50 20 Rue
1159 1050 41 20 des
1215 1049 196 26 Belles-Feuilles,
1424 1050 16 20 Cl

842 1113 22 20 11
891 1112 30 20 M.
936 1114 23 18 et
971 1111 49 21 M«"
1034 1111 101 26 Jacques
1153 1111 128 21 BARDOUX
1338 1111 195 26 Georgeê-Picot.

1070 1208 152 25 MESNIL
1237 1207 77 32 (rue)

842 1262 64 20 XVI»
916 1262 50 19 Arr.
978 1261 242 26 (Porle-Vauphine).
1231 1264 24 18 <-
1269 1261 33 19 Pl.
1315 1260 83 27 Victor
1411 1260 69 27 Hugo,
1493 1261 39 20 1-i».

1047 1299 25 17 ->
1082 1294 50 20 Rue
1143 1293 158 26 Saint-Didier,
1311 1295 24 19 52

1030 1336 110 20 Paroisse
1181 1335 188 21 Sainî-Honoré.

856 1402 17 21 3
890 1402 34 21 M.
942 1402 55 20 Paul
1012 1401 153 20 GAILLARD
1181 1407 31 13 DE
1226 1401 88 20 W1TT.

857 1436 12 18 6
897 1435 35 19 C"
943 1437 22 16 et
975 1434 66 20 C1""
1049 1434 60 19 Jeau
1119 1439 31 14 DE
1160 1433 179 20 KERGOLAY:
1351 1433 106 21 Carroll.

1150 1466 74 24 [Tous
1232 1466 33 20 les
1271 1466 67 25 jours
1348 1467 68 24 après
1424 1466 12 20 5
1445 1466 91 25 heures]

858 1501 10 18 1
895 1499 31 20 M.
942 1502 22 17 et
972 1499 42 20 M-«
1028 1499 85 20 Victor
1123 1498 142 20 BARBIER.

858 1533 12 20 9
897 1532 35 21 C'=
943 1534 22 18 et
975 1532 65 20 C"–
1050 1531 29 20 M.
1093 1537 30 14 DE
1135 1525 95 27 COSSÉ
1240 1530 109 22 BRISSAC
1397 1530 141 27 Boisdyoer.

920 1565 86 25 (Place
1018 1564 189 26 Vielor-Hugo).
1252 1564 82 25 [Mardi
1345 1567 68 23 après
1422 1563 12 26 i
1446 1563 88 26 heures]

897 1598 35 20 C"
945 1598 58 20 Jean
1013 1603 32 15 DE
1055 1591 95 27 COSSÉ
1161 1596 136 22 BRISSAC.

846 1632 24 21 15
896 1631 64 20 B""
979 1631 38 20 D™
1036 1636 31 15 DE
1085 1630 144 21 PLINVAL:
1247 1630 32 20 Le
1296 1630 82 20 Maire
1396 1630 28 20 de
1440 1630 101 21 Sars-le-

922 1664 91 21 Comte.

897 1698 42 21 B"
948 1700 22 19 et
981 1698 63 20 B«~
1054 1703 31 15 DE
1096 1696 110 22 PLINVAL
1250 1696 90 27 Sinety.

1005 1789 176 24 MESSINE
1196 1788 129 32 (avenue
1340 1787 48 32 de)

873 1841 62 20 VIII»
946 1841 49 20 Arr.
1008 1840 126 25 (Etu-ope).
1146 1840 25 25 «-
1186 1839 66 20 Boul.
1268 1839 156 25 Haussmaan,
1439 1839 88 22 132-134.

1046 1876 26 18 ->•
1082 1872 50 19 Rue
1141 1872 28 19 de
1180 1872 120 25 Monceau,
1311 1872 29 19 42.

850 1911 117 20 Paroiste»
1008 1909 208 25 Saint-Augustin
1223 1908 84 25 (Pairs
1317 1910 23 18 et
1349 1909 8 19 1
1374 1908 16 20 à
1402 1909 35 24 9).
1448 1909 11 24 –
1470 1909 70 24 Sainl-

986 1940 245 27 Philippe-du-Itoale
1246 1941 29 24 (11
1288 1940 15 20 à
1314 1940 21 25 la
1345 1940 53 25 fin).

861 2005 13 20 2
900 2004 30 21 M.
941 2006 23 19 et
973 2003 48 21 M"'
1032 2002 122 21 DELMAS
1164 2008 32 14 de
1206 2001 37 21 BIA
1287 2001 114 21 Courtois
1411 2001 28 27 de
1453 2001 86 27 Muges.

900 2038 63 20 B«»
979 2037 104 20 Gustave
1097 2034 145 22 DUBRETON
1296 2034 154 27 Bujretsede
1465 2035 79 21 Chas-

924 2071 93 26 saigne.
1453 2068 89 26 [Lundi]

900 2104 30 22 M.
944 2103 79 22 André
1037 2102 175 21 DUURETON.

900 2138 31 20 M.
944 2137 59 21 Jean
1017 2135 172 22 DUBRETON.

901 2171 29 20 M.
943 2170 85 22 Lucien
1038 2167 136 23 EMMERY.
