1749 2481
369 98 165 32 Cimarosa
553 97 88 43 (rue)

1087 96 270 33 Clément-Marot
1375 95 87 44 (rue)

372 199 139 18 CIMAROSA
531 192 89 31 [suite)

137 250 26 21 10
189 250 32 21 M.
233 252 23 18 et
264 249 51 21 M»*
326 249 120 22 R.-RIBON
490 249 130 22 Gonzalès.

189 284 33 22 M.
234 285 144 21 T.-RIBON.

139 322 22 19 11
189 321 73 20 Y'
272 319 100 23 Charles
383 326 32 15 DE
426 319 123 22 BRIMONT
595 319 135 28 Hennessy.

188 355 43 22 \t.
241 357 24 20 et
274 355 71 21 V1*
355 355 80 21 André
445 360 32 15 DE
489 354 122 22 BRIMONT
657 354 110 22 Riboldi.

189 390 32 22 M.
237 393 23 18 et
274 389 50 22 M»*
339 390 109 26 Auguste
464 388 128 23 OUIZILLE
642 389 126 22 Brimont.

138 426 26 20 li
190 426 42 21 V"
256 428 24 18 et
298 424 73 21 V'c
391 431 33 14 DE
449 417 201 28 DREUX-BREZÉ
706 424 104 21 Ginoux
830 423 30 21 de

241 456 117 21 Fermon.

190 490 32 21 M.
243 492 23 19 et
290 490 50 20 M»*
363 490 100 27 Eugène
483 488 211 23 ISSAVERDENS
761 488 100 21 Torrés-

218 520 119 23 Caieedo.

191 556 38 21 C"
243 558 24 18 et
281 555 67 21 C'
363 561 33 15 DE
412 554 58 21 LAS
486 554 82 22 CASES
619 553 135 22 Guilloux.

192 599 44 22 Bo»
256 600 23 20 et
301 598 65 21 B-»«
387 597 91 22 Robert
501 596 141 27 PASQUIER
701 597 112 22 Sanchez
831 596 30 22 de

218 634 147 26 Laragoïti.

351 722 157 30 CIRQUE
523 721 69 35 (rue
608 720 53 35 du)

180 774 66 22 VIII"
257 774 52 21 Arr.
322 772 156 28 (Madeleine).
491 772 26 28 «-
527 773 74 21 Aven.
614 771 101 28 Gabriel,
726 772 26 21 40
760 774 23 19 et
792 772 32 21 42.

218 809 85 23 -+Rue
312 808 31 22 du
355 807 324 27 Faubourg-Saint-Honoré,
687 808 22 21 61
721 809 23 19 et
753 807 31 21 63.

259 843 133 21 Paroisse:
400 841 88 28 Saint-P
500 841 241 28 hilippe-du.-B.oule.

153 909 14 20 2
196 908 65 21 B"–
272 906 141 22 DECAZES
424 906 228 22 STACKELBERG
661 905 124 28 [Mercredi
795 905 70 22 etSa-

593 941 62 21 medi
667 943 70 25 après
745 942 13 20 5
769 940 94 27 heures]

195 978 32 21 M.
238 979 24 19 et
272 977 50 20 M»*
333 977 25 22 C.
371 976 148 22 LABOURET
567 976 138 28 Béranger.
772 976 92 25 [Lundi]

196 1012 32 22 M.
253 1014 22 19 et
296 1011 51 21 M»«
368 1011 100 22 Nicolas
481 1011 28 22 A.
526 1010 126 22 BOTIIAS
668 1017 32 15 DE
713 1009 154 23 PAVLOW-

223 1047 39 21 SKI
299 1046 167 28 Perkinpine.
772 1044 93 27 [Mardi]

156 1082 19 21 3
194 1082 39 21 C"
244 1084 23 18 et
278 1081 71 21 C'
363 1081 28 21 de
408 1081 126 21 BERTEUX
588 1080 60 27 Foi/.

196 1117 32 21 M.
240 1120 24 17 et
272 1116 52 21 M»*
334 1117 99 26 Eugène
444 1115 179 22 CARPENTIER
670 1115 80 27 Septz.

195 1152 32 21 M.
244 1152 91 21 Gaston
351 1151 146 22 CHALRET
513 1156 33 16 Du
562 1150 80 21 RIEU.

197 1187 32 21 M.
240 1189 24 20 et
273 1186 51 22 M»'
335 1187 52 27 Guy
399 1186 28 21 de
438 1186 127 22 DEVISE:
577 1185 179 27 Pierrebourg.
773 1184 93 27 [Vend.]

198 1222 32 21 M.
240 1222 29 21 A.
281 1221 90 22 PETIT
383 1227 32 15 DE
425 1220 181 22 MAINVILLE.

201 1256 116 21 M.etM»*
328 1254 88 23 Henri
433 1254 140 23 TALKMON:
590 1254 52 23 Max
656 1253 98 27 Thomas.
768 1253 98 27 [Lundi]

159 1290 17 23 4
193 1290 68 23 B»"*
278 1290 34 23 de
329 1290 119 23 SERLAY.
699 1288 104 28 (Samedi
813 1290 13 20 5
834 1288 34 27 h.]

159 1326 18 22 5
195 1326 54 22 M«*
261 1332 32 14 DE
303 1325 181 21 BERNOVILLE
533 1324 167 22 Cambronne.
754 1323 113 27 [Samedi]

198 1361 32 21 M.
246 1364 23 18 et
283 1360 50 21 M»-
350 1361 58 20 Paul
424 1359 130 22 CARRON
576 1364 33 16 DE
631 1359 41 21 LA
693 1354 140 26 CARRIÈRE

226 1395 130 27 Meignan.
785 1393 83 27 [Jeudi]

199 1431 33 21 M.
242 1429 90 27 Joseph
344 1428 130 24 CARRON
491 1436 32 14 nE
538 1429 39 21 LA
592 1423 165 27 CARRIÈRE.

200 1465 33 21 Le
243 1464 102 22 Général
362 1463 212 22 PARMENTIER.

163 1501 13 21 5
186 1500 37 20 bis
234 1499 34 22 M.
281 1499 80 20 André
372 1498 251 22 LEPEL-COINTET.

203 1535 35 21 M.
256 1537 22 18 et
292 1534 51 20 M»*
357 1534 89 20 Marcel
464 1533 37 21 LE
516 1526 158 28 ROY-DUPRÉ
725 1532 106 22 Mallac.

201 1571 38 21 0"
249 1569 97 22 etC"
356 1575 33 15 DE
399 1567 374 23 MARTIMPREY:i(e/-noot"Ue.
786 1568 84 26 [Sam.]

204 1604 31 22 M.
247 1607 23 19 et
280 1603 50 22 M°"
341 1604 28 22 A.
383 1610 32 15 DE
425 1603 200 22 MONPLANET.

204 1640 31 20 M.
246 1642 23 18 et
283 1639 51 21 M™*
351 1639 72 21 Henri
436 1638 36 22 de
490 1638 163 22 MONPLANET
708 1638 105 22 Lacaze.

163 1676 13 20 6
204 1675 67 21 C'
280 1674 91 22 Hubert
382 1681 32 14 DE
424 1673 147 23 BOISGELIN
616 1673 120 22 Seillière.

202 1710 71 22 Cet
284 1708 273 22 C"–d'ESCLAIBES
573 1707 98 22 d'IIUST
711 1708 40 20 La
762 1707 110 27 Grange.

204 1744 53 21 M"*
272 1749 32 15 DE
319 1744 40 21 LA
375 1743 114 22 GRANGE
542 1743 34 20 Le
590 1743 85 20 Roux.

162 1779 18 21 7
198 1779 37 21 M.
253 1779 23 19 et
288 1778 50 20 M»*
348 1778 90 26 Joseph
452 1783 31 15 DE
503 1777 15 22 C
533 1777 61 22 AGNY
638 1777 129 21 Lobstein.
761 1792 6 5 «

206 1848 30 21 M.
252 1849 23 19 et
290 1846 50 22 M--
355 1846 67 22 Félix
437 1839 114 29 NÉRAT.
606 1811 39 27 [2"
661 1813 21 18 et
693 1812 30 20 4"
735 1810 138 27 Mercredis]

206 1848 30 21 M.
252 1849 23 19 et
290 1846 50 22 M»*
355 1846 67 22 Félix
437 1839 114 29 NÉRAT.

164 1881 19 25 8
202 1881 157 25 V*etV'«"
376 1882 30 20 G.
426 1887 31 14 DE
472 1880 210 22 CHAVAGNAC:
695 1880 119 21 Berteux.

206 1917 31 22 M.
250 1917 79 21 Pierre
345 1915 120 22 GINOUX
481 1922 32 14 DE
525 1915 135 21 FERMON.

206 1953 37 21 C"
258 1953 23 19 et
296 1951 66 21 C1""
378 1951 27 20 A.
426 1957 32 14 Du
477 1943 166 28 MONT-RÉAL
698 1949 175 21 Thérouanne.

206 1987 37 22 C"
258 1986 106 21 Maurice
381 1991 31 15 DE
427 1978 196 29 MONT-RÉAL.

206 2021 41 23 M"
259 2023 23 18 et
292 2019 52 22 M'"
355 2026 31 15 DE
399 2018 176 24 SAINT-LIEUX
618 2018 153 22 Alexandre.

474 2054 75 26 ITous
560 2053 34 22 les
600 2053 70 27 jours
680 2052 65 29 après
758 2052 13 29 S
784 2052 91 29 heures]

207 2092 50 21 M-*
272 2096 33 14 de
315 2083 225 28 THÉROUANNE.

166 2129 13 21 9
207 2127 50 21 M–
268 2124 230 22 EDMOND-BLANC
550 2124 33 20 Le
594 2123 109 21 Carlier.
741 2122 136 28 [Vendredi]

154 2164 25 20 10
207 2162 52 20 M'"
274 2161 40 20 D"
326 2166 31 15 DE
367 2160 40 21 LA
418 2158 459 22 ROCI1ELAMBERTMONTFORT

238 2194 158 23 Thellus8on.

209 2230 51 22 M»*
272 2222 134 30 VÉSIGNIÉ
457 2227 116 24 Chancel.

158 2268 23 20 11
194 2265 37 21 bis
246 2265 30 21 M.
291 2265 60 21 Heur
377 2263 207 22 GOUDO11AUX.

1169 198 104 19 CIRQUE
1286 191 93 31 (suite)

910 245 23 20 11
946 243 37 23 bis
995 244 37 22 C"
1046 250 33 16 DE
1094 244 40 22 LA
1148 243 245 23 BOURDONNAYE.

964 279 41 21 \t,
1022 282 23 18 et
1054 279 72 21 V1*
1141 286 33 14 DE
1188 279 40 20 LA
1244 278 214 22 BOURDONNAYE
1508 277 79 22 Aviau
1602 277 31 22 de

992 310 108 27 Ternay.

964 345 39 22 C"
1017 345 75 26 Régis
1106 350 34 15 DE
1155 344 39 21 LA
1210 343 246 22 BOURDONNAYE.

965 380 69 22 C"–
1053 380 107 21 Bernard
1182 385 33 15 DE
1238 379 131 21 MENTHON
1432 379 40 21 La
1495 377 140 23 Bourdon-

992 415 52 23 naye

913 445 25 22 15
967 445 65 22 B™«
1042 451 33 15 DE
1086 444 361 22 GRAFFENRIED-VILLARS
1500 443 134 22 Diesbaeh.

966 480 42 21 B««
1019 483 22 18 et
1051 479 66 22 B™
1123 479 90 23 Arnold
1220 478 35 23 de
1272 478 358 23 GRAFFENRIED-VILLARS:

991 510 52 22 Lass
1056 510 39 22 us:

965 545 51 21 M™
1027 545 29 20 H.
1072 538 149 28 GUÉNEAU
1237 551 32 14 DE
1283 544 113 22 MUSSY.
1541 543 93 26 [Lundi]

965 581 52 20 M"»
1035 580 26 21 B.
1080 579 370 23 SAINT-MARC-GIRARDIN:
1469 578 121 22 Guéneau
1606 578 30 21 de

992 611 96 27 Mussy.

915 646 24 21 17
967 646 51 20 M»"
1034 646 57 21 Paul
1108 645 148 22 BEZANSON
1311 644 164 22 Chauchard.

968 681 30 21 M.
1013 683 24 19 et
1051 681 50 20 M»*
1118 681 90 21 Hector
1221 680 112 21 FABRE.

916 716 26 22 20
968 716 32 21 M.
1011 718 24 19 et
1045 716 45 21 M»*
1105 716 30 21 A.
1154 715 139 22 CABANY:
1309 714 173 23 d'Adamoille.

916 751 26 20 23
968 751 33 21 M.
1012 753 23 18 et
1044 750 51 21 M»'
1106 750 73 21 Henri
1194 749 114 22 CARON.

1100 838 262 27 CLAPEYRON
1378 836 78 35 (rue)

996 889 65 22 VIII*
1070 889 54 22 Arr.
1136 889 129 28 (Europe).
1274 893 26 20 +-
1309 889 51 21 Rue
1370 889 29 20 de
1410 889 108 26 Moscou,
1527 889 33 21 24.

1061 928 25 20 ->
1101 924 67 22 Boul.
1181 924 42 22 des
1234 924 154 27 Batignolles,
1397 923 26 22 29
1433 926 22 19 et
1464 924 33 22 31.

1062 960 108 20 Paroisse
1212 958 187 22 Saint-Lauis-d'
1412 958 80 22 Antin.

931 1021 13 21 9
972 1022 65 20 B»»"
1047 1027 32 14 DE
1089 1014 112 28 FRÉDY.

972 1056 71 21 V1""
1054 1056 101 21 Herbert
1161 1062 33 15 DE
1203 1055 190 22 PONCHALON
1403 1054 150 22 :Mac-Léod.

920 1091 26 21 18
973 1091 40 21 M"
1025 1091 90 21 Gaston
1126 1097 31 14 DE
1167 1090 218 22 MONTGAURIN.

1035 1169 397 27 CLAUDE-BERNARD
1448 1168 79 36 (rue)

960 1221 33 22 V"
1003 1221 52 21 Arr.
1067 1220 207 27 (Val-de-Grâce).
1285 1224 25 20 4-
1319 1221 99 21 Avenue
1428 1220 43 22 des
1482 1219 119 23 Gobelins.

1075 1259 26 19 ->
1112 1256 52 20 Rue
1175 1255 42 21 des
1228 1255 173 25 Feuillantines,
1412 1255 11 20 1
1434 1255 22 20 et
1465 1255 20 20 3.

1007 1290 111 21 Paroisse
1158 1290 405 27 Saint-Jaeques-du-Haut-Pas.

921 1356 25 20 6t
976 1356 29 20 M.
1019 1356 73 20 Louis
1106 1355 184 22 WAUTHIER.

922 1391 26 21 63
975 1391 32 21 M.
1018 1393 23 19 et
1051 1391 50 20 M»'
1113 1391 72 21 Henri
1195 1383 136 29 POINCARÉ
1381 1390 114 22 Poulain
1509 1390 133 27 dAndeey.

922 1425 27 22 65
976 1425 37 22 C"
1028 1431 32 15 DE
1074 1424 179 23 FONTENAY.

921 1459 27 22 82
976 1460 33 22 M.
1022 1464 23 17 et
1054 1460 51 21 M»'
1121 1459 110 22 Edouard
1247 1459 87 22 KORTZ
1382 1459 156 27 Bournique.

1416 1490 42 26 [1"
1468 1493 23 18 et
1499 1490 23 21 3°
1537 1488 106 26 Samedi]

1065 1570 347 27 CLAUDE-CHAHU
1427 1570 80 33 (rue)

1085 1617 56 22 XVI*
1155 1617 56 22 Arr.
1227 1621 26 19 f
1262 1624 42 14 rue
1318 1617 28 21 de
1357 1617 85 27 Passy,
1452 1618 32 20 16.

938 1681 13 21 5
978 1680 31 21 M.
1022 1682 23 18 et
1059 1679 50 21 M»*
1125 1680 77 21 Raoul
1217 1680 119 21 FILIIOS.

928 1724 21 20 H
980 1723 31 22 M.
1024 1726 22 18 et
1060 1723 51 21 M«
1123 1723 30 22 H.
1167 1722 135 23 PERSON.

1059 1800 369 33 CLÉMENT-MAROT
1444 1804 80 34 (rue)

931 1853 63 22 VIII*
1010 1854 53 20 Arr.
1079 1845 251 36 (Champs-Elysées).
1387 1852 99 20 Avenue
1504 1850 145 27 Montaigne.

1060 1888 25 21 27
1096 1891 23 18 et
1127 1889 32 20 29.
1169 1892 26 19 ->•
1210 1887 51 21 Rue
1273 1886 204 24 Pierre-Charron,
1487 1886 32 20 44.

1043 1924 108 20 Paroisse
1194 1921 165 23 Saint-Pierre-
1371 1921 165 23 de-Cliaillot.

944 1985 17 21 1
978 1985 35 21 M.
1025 1986 22 18 et
1057 1984 51 20 M»*
1117 1983 98 22 Charles
1225 1988 31 15 DE
1265 1980 387 25 BONNEC[IOSE:Sc/ieti(efcer.

983 2019 31 21 M.
1027 2018 108 27 Georges
1147 2024 31 15 DE
1189 2017 217 23 HONNECHOSE.

945 2055 12 21 3
984 2054 69 22 C'
1064 2059 32 15 de
1106 2052 219 23 CASA-MIRANDA
1374 2052 111 23 Nihson.

946 2088 17 22 5
980 2088 34 22 M.
1031 2088 89 21 Lucien
1135 2086 162 22 HENRAUX.

985 2124 43 21 B"
1044 2126 23 17 et
1084 2122 64 21 !*•̃̃•
1172 2122 63 21 Léon
1255 2129 32 14 DE
1305 2123 162 21 MONTREUIL
1521 2120 85 23 Barré
1623 2119 30 22 de

1012 2159 133 26 Comuyne.

946 2194 20 21 6
986 2194 40 21 V*
1037 2197 22 17 et
1068 2193 73 21 V'
1156 2193 26 24 E.
1199 2199 31 15 de
1245 2193 108 22 MARSAY
1405 2194 66 21 Sers.

985 2229 42 21 B"
1037 2230 23 19 et
1070 2227 65 22 H""
1145 2228 27 22 0.
1184 2227 107 23 ROGER
1301 2234 32 15 DE
1342 2228 80 22 SIVRY
1468 2225 184 28 Montesquieu.

1514 2256 138 28 [Vendredi]
