1749 2481
1136 95 155 30 Demours
1315 91 85 44 (rue)

382 101 151 33 Daumier
551 98 86 42 (rue)

368 194 193 28 DAUMIER
576 191 77 35 (rue)

306 255 66 21 XVI»
385 255 51 20 Arr.
450 257 26 20 «-
489 253 65 21 Bouï.
571 251 82 25 Murat,
667 250 45 21 179.

173 348 19 23 8
211 348 38 23 C"
263 350 23 18 et
299 347 65 21 C"–
379 350 32 16 DE
424 332 320 33 MAZIÈRES-MAULÉON.

213 391 40 21 yt.
261 393 22 18 et
291 390 69 20 V"–
371 393 31 15 QK
411 376 286 32 MAZIÈRES-MAULÉON
745 381 119 22 Gutman.

339 498 187 28 DEBILLY
544 495 84 35 (quai
647 494 49 33 de)

400 549 60 21 Voir
475 547 90 22 BILLY
578 546 53 27 (de).

356 660 238 29 DEBROUSSE
609 660 78 32 (rue)

303 713 62 22 XVI"
375 713 51 21 Arr.
437 716 24 19 <-
471 711 58 25 Quai
536 711 27 20 de
575 710 38 26 Bill
622 710 19 26 y,
652 710 12 20 6
675 711 21 18 et
705 709 20 20 8.

178 808 13 20 3
219 807 80 20 B«de
315 801 181 25 GINESTOUS.

176 847 12 19 4
215 844 39 21 M"
270 849 31 16 DE
315 840 145 24 LAGARDE
475 836 214 25 SAINT-ANGEL.

374 947 196 27 DECAMPS
584 944 78 35 (rue)

191 1016 63 20 XVI"
265 1015 50 20 Arr.
327 1011 117 29 (Muette).
457 1011 26 29 <r
492 1010 51 21 Rue
553 1009 28 21 de
596 1005 172 29 Longchamps,
783 1007 60 21 73.-

395 1046 51 22 Rue
460 1045 29 21 de
505 1044 22 20 la
538 1043 93 26 Pompe,
645 1042 33 22 58.

231 1086 118 22 Paroisses
390 1082 187 23 Saint-Honoré
594 1082 17 24 (1
623 1081 17 21 à,
652 1081 23 21 31
691 1082 23 19 et
729 1080 11 21 2
754 1080 16 21 à
786 1080 41 25 32).
844 1090 26 6 –-

224 1120 188 22 Annonciation
422 1117 30 22 de
460 1118 81 25 Passy
551 1116 32 25 (33
593 1115 63 27 afin
665 1116 23 19 et
696 1114 26 21 34
731 1113 78 27 ùjtn).

169 1218 12 20 2
208 1216 30 22 M.
254 1218 22 19 et
290 1214 49 22 M™
354 1212 138 23 Emmanuel
502 1217 30 15 de
547 1211 40 20 LA
601 1209 68 22 NOUE
720 1208 95 28 Capéle.

218 1250 30 22 M.
264 1253 23 18 et
296 1249 48 21 M-"
361 1249 78 20 Pierre
449 1244 136 23 MAHLER.

220 1285 40 20 B«
278 1287 23 18 et
320 1284 62 20 B™~
401 1282 106 24 Georges
525 1285 32 15 de
573 1277 190 22 VAUFRELAND
821 1276 51 21 Ke-

244 1323 65 16 nens.

169 1355 25 19 10
220 1353 40 21 M"
274 1355 22 18 et
309 1351 51 21 W"
375 1341 106 30 u'ELBÉE
527 1346 117 22 Hoskier.
760 1344 111 27 [Samedi]

221 1386 66 21 Ct.»
301 1385 78 25 Roger
392 1389 32 15 DE
437 1374 86 29 MARCÉ
569 1378 153 22 Lemonnier.

222 1420 36 22 C"
273 1419 59 22 Paul
343 1424 30 15 UE
382 1409 114 28 MARCÉ.

171 1457 22 19 11
222 1454 37 22 C"
274 1459 31 16 DE
320 1453 56 21 LAS
392 1450 104 23 CASES.

223 1489 37 21 C"
271 1488 70 21 Louis
356 1493 31 15 DE
402 1485 56 22 LAS
475 1483 102 23 CASES.

173 1524 25 20 12
222 1523 51 20 M–
283 1520 156 23 MOLLARD.

173 1558 25 20 19
224 1557 49 21 M-
283 1556 102 23 Amaury
399 1560 31 15 DE
444 1550 206 24 LACRETELLE.

225 1591 29 20 M.
270 1588 126 23 Louis-Ed.
411 1587 152 22 MELETTA.

173 1626 24 20 21
225 1624 49 21 M"
285 1622 172 22 HACHETTE.
782 1618 92 27 [Mardi]

225 1659 30 21 M.
271 1658 63 21 René
349 1656 171 22 HACHETTE.

174 1693 38 21 2S
231 1693 38 21 C»
286 1695 22 18 et
332 1692 71 21 C"–
430 1688 180 24 BROCHOCKI
638 1694 31 15 DE
696 1685 180 24 DIENIIEIM

251 1725 150 27 Sicompska.

176 1762 25 20 23
216 1760 35 21 bis
266 1759 41 22 B"
321 1762 22 17 et
358 1760 62 20 B"
436 1764 30 15 de
480 1755 102 24 CASTEX
636 1754 134 23 Gilardoni
783 1753 95 22 Lamo-

254 1793 92 21 ninari.

227 1828 31 21 M.
274 1826 70 22 Henri
359 1824 168 22 GILARDONI
543 1821 200 23 LAMONINARI.

177 1864 25 20 35
229 1862 29 21 M.
273 1861 66 22 Jules
354 1859 87 22 PAMS.

180 1898 23 19 42
229 1896 29 21 M.
271 1898 21 18 et
302 1894 49 21 M""
365 1893 132 21 Alexandre
509 1891 80 22 BRUEL
633 1890 131 21 Brasseur.

229 1930 30 21 M.
275 1931 23 19 et
306 1928 50 21 M»°
367 1927 107 26 Georges
483 1924 145 23 EBELING:
645 1924 89 22 Leduc.

178 1966 22 19 S1
230 1965 41 20 B«
282 1968 31 16 DE
322 1960 155 23 MALARET.

348 2074 257 29 DELAROCHE
631 2071 79 35 (rue)

352 2121 62 22 XVI'
428 2122 51 20 Arr.
493 2124 26 19 <-
531 2120 51 20 Rue
594 2118 69 26 Vital,
679 2118 30 20 40.

179 2209 13 21 6
215 2208 36 22 C"
269 2208 97 22 Charles
381 2214 30 14 DE
424 2206 131 22 MONTRY

1047 187 235 27 DELESSERT
1297 186 194 34 (boulevard)

1023 250 63 21 XVI"
1097 250 51 21 Arr.
1159 250 98 26 (Muette)
1269 250 36 26 ̃«-
1316 250 50 21 Rue
1376 250 106 25 Lenôtre,
1492 250 19 20 2.

1030 288 132 21 Paroisse:
1175 288 182 21 Annonciation
1372 288 30 21 de
1417 288 87 28 Passy.

927 384 13 20 9
966 383 51 21 M–
1030 383 32 21 V"
1078 383 64 21 John
1157 382 184 22 LACKMANN:
1355 382 107 22 Moreau
1476 388 47 15 aan
1538 382 80 22 Coux-

993 419 118 19 tremans.

916 457 21 19 21
967 455 49 20 M»«
1031 461 31 14 de
1076 455 60 20 LIMA
1183 456 121 26 Haritoff.

966 490 31 20 M.
1014 490 55 20 Luis
1085 495 31 15 DE
1130 490 75 20 LIMA
1220 485 29 27 ft
1263 485 87 27 SILVA.

966 523 31 21 M.
1013 524 103 27 Léopold
1131 529 32 15 DE
1176 524 75 20 LIMA
1261 519 18 25 È
1293 524 98 20 SILVA.

915 561 25 21 23
966 561 31 21 M.
1008 563 24 19 et
1044 561 50 21 M™"
1104 561 138 21 Emmanuel
1253 561 143 22 COLOMBEL
1443 560 175 22 Tailliandier.

1371 595 127 27 IVendredi
1508 594 29 22 de
1545 595 13 21 4
1571 597 13 19 à
1599 595 19 26 7|

967 634 31 21 M.
1012 636 23 19 et
1049 634 50 21 M"
1112 633 109 22 Edouard
1236 633 189 22 HUNEBELLE.

967 668 52 21 Duc
1033 670 22 18 et
1069 668 59 22 D""
1142 674 32 15 DE
1188 668 90 22 MORNY
1335 667 196 22 Guzman-Blaneo

1125 814 195 27 DEMOURS
1335 813 77 35 (rue)

938 879 76 20 XVII"
1023 879 51 20 Arr.
1086 879 102 25 (Ternes
1198 881 22 18 et
1229 878 233 27 Plaine-Monceau).
1476 878 29 27 4-
1519 878 87 27 Avenue

994 913 42 20 des
1047 912 96 25 Ternes,
1153 913 24 20 66
1187 915 22 18 et
1218 913 31 20 68.
1259 916 25 19 ̃>
1298 913 96 20 Avenue
1406 913 27 20 de
1443 912 101 21 Villiers.

920 960 116 21 Paroisses
1066 959 373 22 Saint-Ferdinand-des-Ternes
1445 961 16 24 (1
1470 959 10 26 à
1490 959 20 26 49
1520 959 20 26 et
1550 959 10 26 2
1570 959 10 26 à
1590 959 30 26 66)

918 998 322 27 –Saint-François-df.-Sales
1276 998 38 27 (51
1333 998 16 20 à
1359 998 72 27 lafin
1440 1000 22 19 et
1471 999 25 20 68
1506 997 17 21 à
1533 998 89 27 lajln).

933 1106 12 21 3
970 1104 50 21 M""
1035 1104 22 21 la
1071 1104 113 21 Générale
1198 1103 60 22 JAPY
1300 1103 108 21 Bressin.

921 1145 5 20 1
931 1145 11 20 11
972 1143 30 21 M.
1015 1143 97 22 Charles
1124 1138 92 26 BOYN.

921 1183 24 20 17
973 1182 36 21 C"
1028 1184 23 18 et
1065 1181 65 21 C"–
1143 1181 90 22 Gaston
1249 1187 31 14 dk
1296 1180 226 22 CASTELBAJAC:
1535 1180 89 27 ûesge-

999 1216 87 21 nétais.

922 1255 25 20 19
973 1254 41 21 M"
1028 1256 23 18 et
1063 1254 50 20 M'"
1127 1254 162 20 DADVISARD
1341 1253 191 21 Saint-Senoeh.

974 1288 36 20 C"
1025 1288 186 21 DADVISARD.

974 1322 50 20 M»«
1035 1327 32 15 DE
1077 1322 202 21 SAINT-SENOCH
1325 1322 118 26 Perquer.
1543 1322 83 26 [JeudiJ

974 1356 31 20 M.
1018 1357 78 19 Pierre
1106 1361 31 15 DE
1149 1355 15 22 S
1179 1355 197 22 AIN'f-SENOCH.

975 1390 30 20 M.
1018 1390 86 20 Robert
1115 1396 30 14 DE
1156 1390 231 21 SAINT-SENOCH.

975 1424 31 20 M.
1018 1425 90 20 France
1118 1429 32 16 DE
1164 1423 228 22 SAINT-SENOCH.

924 1462 26 22 20
977 1463 64 20 B"»"
1072 1461 346 23 GOMBAULD-DARNAULD
1482 1461 144 22 Darnauld.

1482 1496 146 27 [Dimanche]

976 1530 51 21 M"
1037 1530 27 22 G.
1075 1536 32 15 DE
1116 1529 223 23 GRANDCHAMP.
1545 1530 84 27 [Jeudi]

927 1571 25 21 23
978 1569 31 21 M.
1024 1570 96 25 Eugène
1134 1568 93 22 MAAS.

977 1603 32 21 M.
1024 1602 83 22 Emilio
1120 1602 94 22 MAAS.

927 1643 25 20 29
967 1642 35 21 bis
1017 1642 31 21 M.
1059 1645 23 18 et
1097 1641 49 21 M»"
1168 1641 63 21 Léon
1245 1640 135 22 BARILLOT
1431 1640 152 22 Villemenot.

1549 1674 82 26 [Jeudi]

928 1712 22 19 31
980 1710 125 21 Chevalier
1116 1709 64 21 René
1191 1714 31 16 DE
1237 1708 108 22 KNYFF.

928 1749 25 21 58
980 1748 40 20 M"
1037 1751 23 17 et
1076 1748 50 20 M'"
1141 1753 32 17 DE
1188 1740 89 27 BOISÉ
1292 1752 32 14 de
1342 1746 165 21 COURCENAY
1556 1747 77 21 d'An-

1005 1781 84 21 chald.

981 1818 30 21 M.
1028 1821 23 17 et
1059 1818 51 20 M»"
1120 1818 81 21 Albert
1215 1817 56 21 DIOT
1316 1816 146 29 Bourgaud.

980 1852 32 21 M.
1027 1852 27 21 et
1067 1852 40 21 M»'
1123 1851 87 22 Robert
1224 1846 144 26 CRÉMIEU.

981 1886 32 22 M.
1032 1888 22 18 et
1072 1885 49 21 M»«
1149 1886 85 20 Ernest
1253 1884 66 22 LAMY
1364 1885 145 22 Bailhaehe.
1522 1887 111 26 [Samedi,

1436 1920 57 21 sauf
1503 1920 20 21 le
1534 1921 99 26 dernier|

931 1956 22 20 61
982 1952 49 23 V«"
1047 1952 82 23 YanDE
1145 1952 148 23 LORGEKIL.

931 1993 25 21 83
984 1992 32 21 M.
1033 1991 104 21 Bernard
1152 1991 124 21 SIMONIS
1291 1991 34 24 de
1342 1991 173 24 DUBEZEELE.

983 2026 30 21 M.
1023 2025 58 21 Paul
1091 2024 168 22 WORMSER.

932 2061 25 21 96
983 2060 31 21 M.
1025 2061 23 19 et
1058 2059 49 21 M»'
1119 2058 64 22 Félix
1192 2059 185 23 NOBLECOURT
1426 2062 106 21 Delmas.
1545 2062 90 27 [Lundi|

932 2099 25 21 96
968 2098 37 21 bis
1020 2098 30 20 M.
1067 2100 22 18 et
1110 2097 51 22 M"
1181 2098 91 21 Achille
1287 2098 85 23 MATZA
1426 2100 210 21 Alexandre-Du-

1009 2137 61 15 mas.

933 2170 25 21 98
983 2170 70 20 V"
1062 2170 95 26 Eugène
1169 2176 31 15 DE
1209 2167 61 25 CROÏ
1315 2167 30 25 de
1358 2172 116 21 Crémier.
1545 2171 90 28 [Lundi]

984 2204 30 21 M.
1024 2206 22 17 et
1061 2204 48 20 M»«
1120 2204 20 21 J.
1153 2205 93 21 LIGNEY
1293 2206 201 21 d'Kstournelie».
