1749 2481
669 92 300 31 PARIS-MONDAIN

217 205 351 48 CHEMINS
618 205 94 46 DE
762 204 138 47 FER
951 204 95 47 DE
1097 201 324 50 L'OUEST

636 285 49 27 <
734 285 248 27 f._H.

444 350 157 27 VOYAGE
630 349 245 28 CIRCULAIRE
904 349 44 27 EN
982 347 208 29 BRETAGNE

282 404 80 25 Billets
378 404 153 25 d'excursion
550 402 14 26 à
583 403 52 30 prix
653 403 103 31 réduits,
772 403 104 25 valables
891 400 43 27 30
950 402 82 30 jours,
1053 400 102 26 délivrés
1179 402 64 25 toute
1259 400 91 26 l'année

481 457 36 24 l"
532 457 97 28 Classe,
645 460 41 24 65
700 457 92 24 francs
849 456 24 24 2"
888 456 99 27 Classe,
1003 459 41 23 50
1058 455 100 24 francs.

159 504 218 31 ITINÉRAIRE.
442 515 121 25 RENNES,
586 514 425 23 SAINT-MALO-SAINT-SERVAN,
1042 513 335 26 DINARD-SAINT-ENOGAT,
1410 513 95 23 DINAN,

128 549 209 25 SAINT-BRIEUC,
354 549 148 19 GUINGAMP
525 543 46 31 (1),
589 549 130 24 LANNIOV,
742 542 118 31 MORI.AIX
874 542 59 31 (1),
965 547 135 24 ROSCOFF,
1121 547 101 25 BREST,
1249 546 138 25 QUIMPER,
1403 546 103 20 DOUAR-

126 583 101 25 NENEZ,
260 576 197 32 PONT-L'ABBÉ,
486 583 197 25 CONCARNEAU,
703 584 132 24 LORIENT,
860 583 104 25 AURAY,
984 582 144 21 QUIBERON
1148 574 48 34 (1),
1225 581 121 26 VANNES,
1367 581 137 25 SAVENAY,

128 617 33 18 LE
176 616 122 27 CROISIC,
316 612 160 31 GUÉRANDE,
492 617 228 25 SAINT-NAZAIRE,
736 616 232 25 PORT-CHATEAU,
987 615 104 24 REDON,
1111 615 119 19 RENNES.

153 656 27 26 (1)
196 657 16 18 Il
227 661 30 15 est
270 656 77 20 délivré
361 663 50 18 pour
425 656 121 20 l'eitenaion
560 657 25 18 de
604 656 119 20 l'itinéraire
737 657 24 18 de
775 655 111 25 Guingamp
906 655 11 20 à
932 656 90 23 Paimpol
1045 657 20 17 et
1079 658 74 19 retour,
1176 655 25 18 de
1223 655 109 24 Guingamp
1356 660 26 13 on
1396 654 84 19 Morlaii
1495 654 11 18 à

127 683 83 19 Carhaix
225 688 48 13 avpc
282 686 69 15 retour
359 683 103 18 facultatif
475 689 35 11 sur
524 683 111 24 Guingamp
650 683 22 22 ou
683 683 91 22 Morlait,
790 685 20 15 et
819 683 24 18 de
853 682 102 22 Quiberon
969 682 11 18 à
995 680 243 25 le
1252 679 83 26 Palais),
1350 683 20 15 et
1384 684 75 21 retour,
1469 681 36 18 des

126 708 70 19 billets
210 708 70 19 d'aller
294 711 21 16 et
326 712 70 15 retour
411 708 11 19 »
436 709 44 24 prix
492 709 85 18 réduits.

170 742 35 17 Ce*
223 741 64 17 billets
298 742 86 16 donnent
400 741 53 17 droit
464 741 13 18 à
491 741 71 17 l'arrêt
574 741 101 21 facultatif
690 745 41 12 aux
741 745 58 17 gares
810 739 165 18 intermédiaire».
990 740 49 16 Leur
1054 738 61 18 durée
1125 739 24 16 de
1163 738 83 18 validité
1256 739 67 20 expire
1334 739 22 20 en
1370 740 62 15 même
1444 740 61 21 temps

127 767 37 17 que
176 763 48 16 celle
234 764 28 15 du
273 767 73 17 voyage
358 763 114 17 circulaire.

473 829 6 22 BILLETS
499 820 167 30 SPÉCIAUX
683 828 45 21 DE
751 827 185 23 PARCOURS
958 820 342 30 COMPLÉMENTAIRES

153 874 18 21 Il
186 876 36 18 est
231 874 97 26 délivré,
339 873 29 20 de
384 876 66 18 toute
460 873 83 21 station
559 873 42 20 des
611 873 103 20 réseaux
728 872 30 21 de
774 872 89 21 l'Ouest
877 875 22 17 et
913 872 123 21 d'Orléans
1065 872 74 20 située
1155 873 14 19 à
1186 872 25 20 50
1229 872 82 21 kilom.
1329 878 29 15 au
1374 872 78 21 moins
1468 873 36 25 (ou

127 903 82 17 contre
224 900 117 25 paiement
356 900 27 19 de
398 900 23 19 la
435 902 52 17 taxe
502 899 131 25 applicable
653 901 14 18 a
680 899 25 20 50
718 899 103 24 kilom.),
836 898 27 20 de
878 898 134 21 l'itinéraire
1033 888 29 30 du
1079 902 94 21 voyage
1193 897 122 21 circulaire
1330 903 28 15 en
1379 898 124 25 Bretagne,

127 926 43 19 des
183 925 78 20 billets
274 924 115 27 spéciaux
404 924 29 20 de
442 925 32 19 1er
486 927 23 17 et
523 924 25 20 de
560 924 25 20 2e
601 924 88 25 classe,
704 926 149 24 comportant
866 930 46 14 une
922 923 123 21 réduction
1060 923 28 21 de
1102 919 44 25 40
1166 923 57 24 O/O
1239 928 41 16 sur
1293 923 21 21 le
1326 923 51 26 prix
1388 923 117 21 ordinaire

127 951 42 20 des
181 950 89 27 places,
285 956 59 20 pour
354 950 58 20 aller
422 950 117 26 rejoindre
558 949 134 21 l'itinéraire
706 949 29 20 du
751 949 100 27 Voyage
868 949 124 20 circulaire
1007 952 23 17 et
1042 954 58 21 pour
1114 951 90 17 rentrer
1218 954 28 14 au
1260 949 64 27 point
1334 948 29 21 de
1378 949 81 27 départ
1474 955 30 15 ou

127 983 27 14 se
168 977 85 20 rendre
264 982 40 14 sur
316 979 63 18 toute
394 978 67 18 autre
476 981 57 20 gare
543 975 43 21 des
596 976 102 20 réseaux
709 973 28 22 de
748 975 93 21 l'Ouest
855 978 23 17 et
887 974 131 21 d'Orléans.

179 1009 31 21 Le
226 1009 65 20 billet
300 1009 89 25 d'aller,
400 1015 60 20 pour
469 1008 117 25 rejoindre
597 1008 132 21 l'itinéraire
739 1009 30 20 du
785 1014 94 21 voyage
894 1008 123 21 circulaire
1030 1014 28 14 en
1076 1006 127 27 Bretagne,
1222 1008 47 20 doit
1284 1008 47 20 être
1347 1008 114 21 demandé
1476 1014 29 15 en

126 1036 77 20 même
218 1038 77 23 temps
309 1041 45 21 que
367 1035 61 20 celui
443 1035 29 20 du
485 1034 101 27 Voyage
597 1035 123 19 circulaire
736 1037 22 17 et
779 1040 29 14 au
831 1035 75 20 moins
925 1035 12 19 4
951 1034 66 24 jours
1032 1036 15 18 à
1057 1033 116 21 l'avance.
1191 1034 31 20 Le
1237 1033 63 21 billet
1317 1034 30 20 de
1364 1037 82 17 retour
1467 1036 38 18 est

126 1061 89 21 délivré
231 1067 42 14 sur
291 1061 23 20 la
328 1060 159 27 présentation
505 1060 30 20 du
555 1060 65 20 billet
642 1059 124 21 circulaire
781 1066 48 13 aux
843 1065 72 21 gares
934 1055 89 25 situées
1037 1065 42 15 sur
1093 1059 131 20 l'itinéraire
1239 1059 29 21 de
1282 1065 27 15 ce
1328 1065 95 21 voyage
1436 1061 32 19 où
1483 1060 22 20 le

126 1092 125 20 voyageur
264 1088 94 24 compte
373 1091 151 15 commencer
538 1091 44 15 son
597 1091 95 21 voyage
702 1085 29 20 de
746 1089 86 16 retour.

536 1169 244 28 EXCURSIONS
804 1169 44 27 EN
882 1169 207 27 BRETAGNE

152 1224 112 18 Facilités
279 1223 128 19 accordées
426 1228 41 17 par
485 1223 83 17 Cartes
581 1223 181 17 d'abonnement
773 1222 167 18 individuelles
955 1224 23 16 et
989 1223 27 16 de
1028 1222 89 18 famille
1136 1223 103 17 valables
1250 1224 102 21 pendant
1368 1224 26 17 33
1404 1224 66 22 jours

473 1268 364 21 ABONNEMENTS
852 1268 315 20 INDIVIDUELS

180 1303 17 21 Il
211 1306 38 18 est
270 1302 101 26 délivré,
383 1302 25 26 de
426 1301 21 21 la
462 1301 73 21 veille
547 1301 24 21 de
592 1302 22 20 la
631 1301 53 20 Fête
698 1301 44 21 des
758 1301 122 21 Rameaux
896 1307 29 15 au
940 1302 22 19 31
980 1301 111 22 Octobre,
1105 1302 43 20 des
1163 1304 79 18 cartes
1258 1302 177 21 d'abonnement
1454 1303 50 27 spé-

128 1330 72 20 ciales
210 1331 139 25 permettant
359 1328 28 21 de
398 1328 71 27 partir
480 1328 67 20 d'une
560 1334 57 19 gare
627 1328 147 26 quelconque
791 1327 110 26 (grandes
915 1327 84 26 lignes)
1011 1328 29 19 du
1055 1327 86 21 réseau
1160 1328 28 20 de
1199 1328 86 21 l'Ouest
1301 1335 59 20 pour
1377 1335 46 14 une
1447 1335 56 20 gare

127 1361 31 15 au
177 1354 73 21 choix
268 1354 44 21 des
325 1355 75 24 lignes
417 1353 129 27 désignées
563 1360 46 14 aux
632 1353 89 20 alinéas
743 1352 145 25 ci-dessous,
903 1359 30 14 en
955 1354 124 20 s'arrêtant
1102 1360 41 14 sur
1159 1354 21 20 le
1203 1360 127 20 parcours;
1354 1354 29 20 de
1403 1355 101 21 circuler

128 1381 91 21 ensuite
235 1383 14 18 à
262 1385 44 16 son
320 1380 41 25 gré
377 1380 103 25 pendant
497 1385 31 14 un
547 1380 62 20 mois
624 1385 46 14 non
690 1379 130 20 seulement
836 1384 41 15 sur
890 1384 42 16 ces
947 1379 75 26 lignes
1038 1380 58 19 mais
1112 1380 65 20 aussi
1197 1384 41 15 sur
1251 1383 55 17 tous
1322 1381 64 20 leurs
1400 1381 104 20 embran-

127 1406 124 20 chements
273 1407 39 24 qui
331 1405 138 21 conduisent
484 1405 14 20 à
517 1405 22 20 la
561 1411 56 18 mer,
641 1407 30 22 et.
686 1405 70 21 enfin,
779 1410 44 15 une
839 1405 46 20 fois
905 1405 143 21 l'excursion
1062 1405 118 25 terminée,
1197 1405 27 21 de
1243 1406 95 20 revenir
1348 1411 28 15 au
1395 1406 66 26 point
1475 1406 28 20 de

128 1432 82 26 départ
224 1437 60 14 avec
294 1431 35 20 les
342 1431 91 19 mêmes
443 1430 104 20 facilités
557 1429 85 21 d'arrêt
655 1430 44 26 qu'à
710 1430 88 26 l'aller.-

180 1473 88 21 Carte
279 1473 116 21 valable
411 1478 54 14 sur
479 1473 26 20 la
516 1473 72 20 Côte
605 1472 79 20 Nord
696 1473 36 19 de
747 1473 146 25 Bretagne
905 1472 39 25 (fra
955 1472 85 20 Classe
1054 1472 51 20 100
1114 1473 94 23 francs,
1222 1473 22 19 2'
1255 1472 85 21 Classe
1354 1473 34 19 75
1400 1475 102 23 francs).

129 1499 108 20 Parcours
280 1498 73 26 Ligue
369 1498 29 19 de
413 1499 132 18 Granville
561 1498 14 19 ù
590 1499 75 18 Brest
677 1498 51 25 (par
749 1499 128 23 Folligny,
891 1498 48 19 Dol
955 1500 23 17 et
992 1498 140 25 Lamballe)
1150 1501 22 16 et
1185 1498 37 19 les
1241 1498 223 22 embranchements
1475 1501 29 20 de

128 1527 61 18 cette
204 1524 63 25 ligne
283 1530 54 14 vers
352 1523 23 20 la
385 1529 59 15 mer.

181 1558 87 21 Carte
283 1557 114 21 valable
408 1561 55 15 sur
474 1557 26 20 la
513 1557 71 20 Côte
597 1556 62 20 Sud
671 1557 36 19 de
720 1556 146 26 Bretagne
878 1557 39 23 (1™
929 1554 85 21 Classe
1028 1556 49 20 100
1092 1557 93 22 francs,
1196 1556 21 20 2e
1227 1556 84 21 Classe
1322 1557 33 19 75
1364 1558 112 24 francs).-

129 1584 108 20 Parcours
291 1583 72 26 Ligne
378 1582 30 20 du
425 1583 95 19 Croisic
537 1584 23 18 et
573 1581 29 20 de
625 1582 135 19 Guérande
783 1583 15 18 à
812 1582 153 20 Châteaulin
979 1583 23 18 et
1024 1581 36 20 les
1075 1581 221 21 embranchements
1315 1582 29 21 de
1363 1586 60 17 cette
1443 1583 61 26 ligne

128 1615 56 16 vers
207 1609 22 20 la
244 1614 57 15 mer.

181 1643 88 21 Carte
279 1642 114 21 valable
404 1646 55 15 sur
471 1642 44 20 les
531 1641 91 21 Côtes
639 1641 80 20 Nord
731 1642 28 19 et
771 1640 62 21 Sud
844 1641 37 20 de
899 1641 149 25 Bretagne
1059 1640 40 24 (lr*
1110 1640 83 21 Classe
1208 1641 53 19 130
1275 1642 95 20 francs.
1380 1642 23 20 2*
1418 1642 85 22 Classe

129 1670 33 19 95
171 1670 114 20 francs).
299 1670 14 20 –
328 1668 107 20 Parcours
479 1666 86 27 Lignes
576 1668 30 19 de
620 1667 133 19 Granville
770 1668 13 18 à
802 1668 75 19 Brest
888 1667 52 26 (par
952 1667 129 25 Folligny,
1097 1667 47 19 Dol
1158 1669 23 18 et
1196 1668 139 26 Lamballe)
1349 1671 23 17 et
1386 1668 29 21 de
1430 1670 74 20 Brest

129 1700 30 15 au
173 1696 96 19 Croisic
278 1696 22 18 et
310 1695 14 19 à
334 1694 135 20 Guérande
483 1696 22 16 et
519 1693 33 20 les
567 1693 221 20 embranchements
803 1692 28 20 de
846 1698 40 14 ces
901 1693 77 24 lignes
995 1698 54 15 vers
1064 1692 21 20 la
1096 1698 60 14 mer.

182 1728 88 21 Carte
290 1727 113 21 valable
427 1732 55 15 sur
501 1727 44 21 les
567 1726 88 21 Côtes
676 1727 80 20 Nord
775 1727 27 19 et
826 1727 62 20 Sud
914 1727 35 20 de
971 1727 147 25 Bretagne
1143 1727 28 20 et
1194 1727 108 27 Lignes
1324 1728 178 22 intérieures

129 1753 114 21 situées
263 1753 16 21 à
295 1753 116 21 l'Ouest
435 1754 36 20 de
494 1753 74 20 celle
595 1754 37 20 de
656 1752 181 21 Saint-Malo
856 1752 20 21 à
896 1752 103 21 Redon
1026 1753 38 24 (1™
1086 1752 82 20 Classe
1192 1751 50 21 150
1264 1755 94 19 francs.
1378 1754 22 19 2«
1419 1754 84 21 Classe

129 1780 50 18 110
192 1779 133 25 francs).-
337 1778 132 21 Parcours:
486 1778 85 26 Lignes
581 1778 29 20 de
625 1778 132 20 Granville
771 1779 13 18 a
798 1779 74 19 Brest
882 1778 50 26 (par
946 1778 125 25 Folligny,
1081 1779 46 18 Dol
1136 1780 22 17 et
1168 1779 138 24 Lamballe)
1315 1783 22 16 et
1346 1778 27 21 de
1384 1780 76 20 Brest
1473 1786 30 15 au

130 1805 95 20 Croisic
243 1806 23 19 et
281 1805 14 19 à
309 1804 134 20 Guérande
458 1806 22 18 et
502 1804 34 20 les
551 1803 222 21 embranchements
796 1803 27 20 de
839 1808 41 15 ces
904 1804 75 23 lignes
994 1808 56 16 vers
1070 1803 22 20 la
1115 1808 56 15 nier,
1186 1804 60 20 ainsi
1261 1809 44 20 que
1320 1804 36 21 les
1379 1804 76 26 lignes
1475 1806 28 19 de

129 1831 45 18 Dot
187 1829 15 25 à
217 1829 93 25 Redon,
323 1829 29 20 de
370 1830 100 18 Messac
484 1828 14 19 à
513 1829 134 23 Ploërmel,
662 1828 28 19 de
705 1829 129 19 Lamballe
849 1829 14 18 à
877 1829 109 23 Rennes,
1002 1827 29 20 de
1045 1828 85 19 Dinan
1148 1830 14 17 à
1176 1830 184 24 Questembert,
1375 1829 29 21 de
1415 1831 88 20 Saint-

128 1856 92 19 Brleuc
235 1856 14 18 à
262 1855 97 24 Auray,
370 1854 29 20 de
409 1854 118 20 Loudéac
542 1856 13 18 à
566 1854 116 24 Carhaix,
698 1854 28 19 de
736 1854 110 19 Morlaix
856 1856 22 17 et
888 1854 28 19 de
927 1854 143 24 Guingamp
1085 1855 13 17 à
1109 1855 155 23 Rosporden.

472 1920 364 21 ABONNEMENTS
857 1921 60 19 DE
941 1920 212 20 FAMILLE

181 1958 73 21 Toute
269 1958 112 26 personne
395 1958 42 26 qui
455 1959 111 24 souscrit,
576 1964 28 13 en
624 1958 77 20 même
715 1961 76 23 temps
806 1964 44 20 que
861 1957 172 21 l'abonnement
1048 1958 38 26 qui
1096 1958 31 20 lui
1142 1960 37 18 est
1193 1964 92 21 propre,
1296 1965 31 14 un
1342 1965 29 14 ou
1385 1960 117 25 plusieurs

129 1987 80 17 autres
219 1985 170 19 abonnements
402 1983 29 20 de
443 1984 77 19 même
533 1985 91 24 nature,
641 1989 29 14 en
689 1983 85 20 faveur
792 1983 42 21 des
853 1983 118 21 membres
989 1983 27 20 de
1032 1990 27 14 sa
1074 1983 87 20 famille
1174 1990 29 14 ou
1223 1984 162 27 domestiques
1395 1985 107 22 habitant

130 2015 59 15 avec
207 2010 52 25 elle,
272 2008 121 24 bénéficie,
407 2014 58 21 pour
480 2014 42 15 ces
535 2011 78 18 cartes
627 2009 220 26 supplémentaires,
863 2009 28 20 de
902 2009 137 21 réductions
1052 2009 91 21 variant
1159 2012 64 18 entre
1234 2010 26 20 10
1272 2012 23 18 et
1307 2011 27 20 50
1346 2010 45 26 OJO,
1407 2012 95 21 suivant

129 2035 21 21 le
165 2035 98 21 nombre
273 2034 28 21 de
316 2036 78 19 cartes
404 2034 127 21 délivrées.

182 2065 32 21 La
232 2064 114 21 demande
365 2064 28 20 de
410 2069 41 15 ces
469 2066 85 24 cartes,
574 2064 177 26 accompagnée
775 2063 67 22 d'une
866 2063 173 28 photographie
1067 2064 28 20 de
1112 2064 152 26 Oul,03XOni1Oâ
1289 2064 29 22 de
1341 2064 94 23 chacun
1457 2067 43 22 des

130 2090 115 26 abonnés,
259 2090 49 21 doit
321 2090 48 20 être
379 2090 122 26 adressée,
512 2091 14 19 à
534 2090 24 20 la
567 2095 57 20 gare
638 2090 29 20 de
681 2089 88 27 départ,
779 2091 59 26 cinq
847 2091 72 23 jours
933 2096 29 14 au
975 2091 78 20 moins
1062 2090 14 19 à
1091 2090 115 22 l'avance.

183 2124 223 27 Prolongation.
457 2124 33 20 La
509 2123 72 21 durée
595 2124 29 20 de
638 2123 97 21 validité
754 2123 28 21 de
793 2130 41 15 ces
849 2126 79 19 cartes
948 2126 54 25 peut
1021 2124 49 21 être
1087 2124 126 27 prolongée
1223 2124 60 21 d'un
1301 2131 31 15 ou
1347 2126 66 20 deux
1427 2128 71 27 mois

130 2152 144 26 moyennant
288 2152 21 18 le
322 2152 135 19 versement
465 2150 30 20 de
504 2150 23 25 2b
538 2150 34 25 0/0
588 2150 30 20 du
632 2150 53 26 prix
698 2149 75 21 initial
787 2156 58 21 pour
861 2150 92 27 chaque
969 2150 62 20 mois
1042 2151 28 19 de
1080 2150 176 27 prolongation.
