1749 2481
1043 125 146 31 Cardinet
1209 123 83 40 (rue)

254 125 206 31 Cambacérès
480 124 85 41 (rue)

235 208 280 34 CAMBACÉRÈS
529 215 79 33 (rue)

72 269 62 21 VIII"
144 270 51 20 Arr.
206 268 164 27 (Madeleine).
383 272 26 19 «-
421 269 52 19 Rue
483 269 27 19 de
524 269 23 19 la
555 261 182 35 Vilie-l'Évêque,
745 270 25 20 34

169 305 22 18 et
201 302 132 25 Saussaies,
343 302 31 20 17.
384 306 25 18 ->
419 301 51 21 Rue
479 301 28 21 de
516 301 24 21 la
549 302 81 25 Boétie,
641 302 34 25 15.

115 343 119 21 Paroisses
271 342 232 22 Sainte-Madeleine
515 343 34 25 (n'
559 343 13 26 2
585 343 152 26 seulement).
750 343 13 26 –-

209 376 210 26 Saint-Augustin
428 376 38 25 (de
474 377 9 18 1
494 378 23 18 et
526 376 12 20 4
550 376 24 20 la
582 376 55 27 fin).

84 442 18 22 3
120 442 648 22 M.etM"»LEMYREûEVILERS:ffe«««*deGouM.

123 475 30 21 M.
168 475 59 21 Jean
242 475 36 21 LE
293 475 87 21 MYRE
395 481 31 15 DE
440 475 120 23 VILERS.

122 509 31 20 M.
170 508 57 20 Paul
239 508 106 20 LUCAS.

84 541 17 20 4
118 541 34 20 M.
168 543 22 18 et
203 540 50 20 M»«
263 542 77 19 Pierre
352 542 27 19 de
393 541 153 21 CARBUCCIA
596 542 140 20 Chambine.

429 574 125 26 [Vendredi
567 578 70 23 après
650 576 13 19 4
677 574 92 26 heures]

123 608 49 20 M»«
183 608 103 27 Georges
301 614 32 14 DE
341 608 140 21 CHAMBINE
541 609 32 20 Le
586 609 73 20 Turc.

434 641 125 25 [Vendredi
572 644 67 23 après
652 642 12 22 4
677 640 92 26 heures)

123 674 30 20 M.
169 675 26 19 et
208 675 39 19 Mm.
264 674 102 21 Maurice
378 680 30 14 DE
419 674 140 21 CHAMBINE
608 674 140 21 Aubernon.

126 707 36 21 Cu
172 710 22 17 et
208 707 63 21 C1""
285 707 104 21 Armand
406 713 31 15 DE
451 707 151 21 GIRONDE:
615 707 155 21 Richemont.

119 740 30 20 M.
161 743 22 17 et
193 740 48 20 M»"
257 740 93 21 GOUZIL
399 740 143 20 Chambine.

119 773 41 21 V-"
173 773 82 21 Albert
268 773 207 21 DBKXCn'E.UO'Hi:
518 773 249 26 Jacquelin-Dulphé.

639 806 130 26 [Mercredi]

122 839 29 20 M.
165 842 24 17 et
205 840 48 19 M-
268 840 80 20 Albert
363 839 63 21 ZENS
475 839 114 22 Cumont.

85 872 17 21 6
119 872 34 21 M.
165 872 73 21 Emile
247 867 90 26 AUBE.

85 905 17 20 8
119 905 34 20 M.
181 908 22 17 et
230 905 48 20 M»'
301 905 53 20 Eric
379 905 75 20 JOLY
483 910 31 15 DE
541 904 190 21 LAMMEVILLE

149 938 135 21 Busaierre.

72 972 25 20 10
124 971 31 21 M.
166 971 94 26 Eugène
271 972 205 20 CORDONNIER.

122 1005 35 21 Ce.
167 1007 22 19 et
200 1005 65 20 C"–
280 1005 88 21 Xavier
382 1011 31 14 DE
430 1005 39 20 LA
480 1004 104 22 BARRE
599 1011 31 14 de
644 1004 125 22 CARROI:

148 1039 37 20 La
195 1039 119 20 Perrière.

122 1071 103 21 Docteur
234 1074 23 18 et
265 1071 50 21 M»"
325 1070 122 22 PINARD.

122 1104 30 21 M.
163 1107 23 18 et
194 1104 50 21 M–
254 1104 99 26 Prosper
362 1104 178 21 RAVENEAU.

72 1138 25 21 M
126 1138 36 19 C»
173 1139 22 18 et
205 1138 65 19 C'
284 1137 65 20 Jules
358 1131 134 26 PASTRÉ
504 1138 129 20 Flamare.

73 1171 25 21 14
124 1170 31 21 M.
166 1170 78 21 Pierre
254 1176 30 15 DE
296 1170 158 24 LAINSECQ.

122 1204 29 20 M.
162 1206 22 17 et
193 1203 50 20 M«"
253 1196 111 28 Edouard
379 1196 159 28 PRILLIEUX:
552 1202 216 27 Verneuil.[Lxmii]

71 1238 25 22 13
123 1237 65 21 C'
198 1237 39 21 D"
247 1243 31 15 DE
289 1232 199 26 TRÉVENEUC:
499 1236 130 22 Sallentin.

122 1271 36 20 C"
167 1273 23 18 et
200 1270 64 20 C<
275 1275 31 15 DE
316 1263 163 28 TRÉVENEUC
528 1270 165 26 Barthélémy,

74 1305 25 21 ltt
124 1304 42 21 Mi-
181 1306 22 19 et
216 1304 53 21 M"«
280 1310 31 14 DE
321 1303 224 22 MONTMORILLON
599 1303 29 21 de
640 1302 118 24 Mareuil.

122 1338 37 20 C»
173 1337 37 21 DE
228 1337 240 21 MONTMORILLON.

71 1373 24 20 19
122 1371 35 21 C"
167 1370 104 22 Armand
282 1377 31 14 DE
327 1371 255 21 GONTAUT-BIRON.

72 1405 25 20 2-2
122 1404 31 21 M.
164 1405 24 20 L.
203 1404 95 20 BURIN
309 1409 31 15 du
352 1404 138 21 BUISSON.
705 1414 6 6 ·

72 1438 25 20 24
122 1437 33 21 M"
171 1437 33 21 de
215 1436 183 22 GRAMMONT.

123 1471 37 20 C"
170 1473 22 18 et
201 1470 66 21 C*
277 1470 42 20 Th.
330 1476 32 14 DE
373 1469 154 21 GRAMMONT
579 1463 73 32 Cro'g.

73 1505 25 20 27
124 1504 65 20 c1""
202 1503 98 20 Antoine
315 1503 160 20 d'ASSAILLY
521 1502 96 21 Mollet.
638 1503 133 24 [Vendredi]

73 1539 26 19 29
124 1537 31 21 M.
166 1539 23 18 et
199 1537 48 20 M"
261 1536 88 21 Robert
359 1535 170 22 KROMAGEOT
577 1535 174 22 Panekoucke.

638 1568 134 26 [Vendredi]

124 1603 30 21 M.
169 1605 22 19 et
204 1603 49 20 M""
267 1602 86 21 Gaston
370 1601 183 22 LACRETELLE
605 1601 166 22 Maintenant.

682 1635 90 26 [Mardi]

127 1670 36 21 C"
174 1672 22 18 et
205 1669 66 21 C'
281 1675 31 15 DE
322 1668 106 22 LORDAT
475 1668 173 27 RouxLarcy.

126 1704 41 20 B«"
176 1703 28 20 de
215 1702 74 21 ROUX
307 1702 111 21 LARCY.

76 1736 26 22 30
125 1736 31 21 M.
168 1736 71 22 Henri
250 1735 161 22 IIARRISSE.

293 1831 175 25 CAMBON
483 1830 78 33 (rue)

117 1884 29 19 I"
153 1884 51 19 Arr.
216 1883 85 25 (Place
313 1883 138 25 Vendôme).
462 1886 25 18 4-
496 1883 49 19 Rue
556 1883 27 19 de
597 1882 83 25 Rivoli,
691 1882 43 20 248.

251 1919 24 18 ->
291 1915 58 20 Boni
363 1915 29 20 de
404 1915 21 21 la
434 1914 136 25 Madeleine,
581 1916 18 19 1.

234 1948 132 20 Paroisse:
376 1947 24 21 .̃
412 1947 204 21 Sainte-Madeleine.

91 2015 17 20 4
125 2015 34 20 M.
169 2018 22 16 et
208 2015 48 19 M-
271 2014 78 26 Henry
360 2014 204 20 MORTUREUX:
573 2014 88 20 S««e;

93 2047 17 22 5
127 2047 34 22 M–
178 2047 68 22 Paul
262 2047 105 22 KAVAUT
411 2047 102 21 Haehet.

133 2075 29 27 M.
176 2075 103 27 Édouard
291 2081 180 21 TOUSSAINT.

83 2115 25 21 12
134 2114 28 21 M.
175 2117 21 18 et
206 2114 48 21 M-'
265 2114 80 21 Carles
355 2114 85 21 RADOT
484 2113 135 21 Mandard.
643 2114 130 26 [Vendredi

80 2149 25 20 20
131 2147 35 21 C"
185 2151 21 17 et
230 2148 64 20 C««–
320 2154 31 14 DE
377 2147 200 21 PORTARNIER
606 2153 31 15 de
656 2147 39 21 LA
721 2148 55 20 RO-

143 2182 127 20 CHETTE.

1067 221 107 18 cambon
1193 213 84 30 (suite)

820 263 34 23 îî
871 263 51 23 M"-
939 263 86 23 GUYOT
1042 263 34 23 de
1093 263 189 23 VILLENEUVE.

821 304 24 20 24
870 303 31 21 M.
912 305 23 19 et
945 303 49 21 M»'
1003 302 120 27 Alphonse
1133 294 109 29 CIIÉRÉ.

871 337 34 20 M.
916 338 21 18 et
946 337 47 19 M»-
1006 335 147 22 GOURAUD
1165 333 241 22 D'ABLANCOURT.

821 370 23 20 31
871 369 37 21 C"
919 369 185 21 LANJUINAIS.

872 402 36 21 C"
921 405 24 18 et
958 402 65 21 C""1
1038 402 86 20 Arthur
1136 400 150 22 ESPIVENT
1301 406 30 14 DE
1346 399 39 21 LA
1397 398 123 22 VILLES-

896 435 116 22 BOISNET
1062 434 151 26 Lanjuinaii
1227 433 93 27 (p.-à-t.).

821 470 25 19 33
871 469 32 20 M.
914 469 136 20 Emmanuel
1059 467 116 21 HUARD.

872 501 63 21 B«–
946 501 36 21 LE
993 501 50 20 PIN
1054 501 95 26 (p.-à-t.).

871 533 66 22 C'
946 534 28 21 A.
990 540 32 14 DE
1032 532 218 23 SAINTE-MARIE
1260 530 153 23 D'AGNEAUX
1466 530 52 21 Tri-

895 568 67 25 cornot
973 568 113 25 (p.-a-t.).

820 601 22 20 41
871 600 31 22 M.
913 600 103 26 Philippe
1027 599 177 22 DUTILLEUL.

821 635 24 19 44
870 634 41 20 M"
926 636 22 17 et
957 634 48 19 M'»
1020 639 31 14 De
1060 633 160 21 LESTRADE
1230 637 31 15 DE
1272 631 83 21 CONTY
1399 631 119 20 Laurent.

870 667 32 21 M.
911 669 22 18 et
943 666 49 21 M–
1002 666 87 21 Marcel
1099 665 120 21 POUCHIN
1267 664 88 22 Collin.

1182 698 81 26 [Jeudi,
1274 698 96 26 excepté
1381 698 20 20 le
1411 696 107 27 premier]

821 733 24 21 45
871 732 31 22 M.
910 735 23 18 et
942 732 49 21 M–
1003 733 102 26 Jacques
1123 729 358 23 I1USSENOT-DESENONGES

895 765 114 22 Sédillot.

872 799 36 21 C"
919 799 66 20 Odile
995 805 32 14 DE
1037 799 130 20 TARADE.

821 833 23 20 47
871 832 31 21 M.
921 836 22 17 et
960 833 49 20 M»"
1028 832 28 21 R.
1074 832 146 20 VERCKEN
1239 837 31 15 DE
1286 830 192 22 VREUSCHMEN

895 865 139 27 Despaigne

821 899 25 20 48
870 898 31 25 M.
917 899 104 25 Auguste
1037 904 31 14 DE
1082 891 137 27 BÉZIEUX.

870 932 38 20 M""
920 932 25 20 J.
959 932 38 20 LA
1008 931 140 21 CAUSSADE
1193 931 122 20 Mounier.
1436 930 82 26 [Jeudi)

870 964 31 21 M.
914 964 25 21 G.
950 970 32 15 DE
992 964 101 21 ROSCO
1104 963 238 22 BOGDANOWICZ.

820 1000 24 19 49
870 998 32 20 M.
913 998 62 20 Lèon
986 997 224 21 GOLDWASSER.

821 1032 22 21 51
870 1030 32 21 M.
913 1030 87 21 Gaston
1011 1036 32 14 DE
1053 1030 186 21 LAUVERJAT.

871 1064 32 20 M.
913 1064 106 20 Edmond
1028 1063 110 21 RADET.

915 1154 231 26 CAPUCINES
1163 1154 185 33 (boulevard
1363 1152 65 34 des)

823 1208 87 22 I«Arr.
923 1208 192 25 (GaillonetlX'
1126 1207 243 26 Chaussêe-d'Antin).
1382 1207 27 26 <-
1422 1206 95 21 Boulev.

918 1242 41 19 des
969 1242 99 20 Italiens.
1112 1241 65 20 Boul.
1189 1242 27 19 de
1226 1241 21 20 la
1257 1241 135 25 Madeleine,
1403 1242 18 18 1.

978 1275 107 21 Paroisse
1128 1274 240 22 Sainte-Madeleine.

821 1339 25 20 20
870 1339 32 20 M.
918 1339 32 20 et
972 1339 50 20 M»'
1048 1338 123 20 ROBERT
1193 1337 146 21 MITCHELL
1397 1337 69 27 Davy
1490 1337 28 20 de

897 1372 141 26 Boisroger.

972 1455 235 25 CAPUCINES
1223 1455 67 32 (rue
1304 1454 65 32 des)

825 1511 27 20 I"
865 1511 51 20 Arr.
927 1511 130 26 (Gaillon).
1066 1516 25 16 f-
1100 1511 51 20 Rue
1165 1511 28 20 de
1206 1510 23 21 la
1243 1511 64 24 Paix,
1320 1511 20 20 1.
1350 1514 25 18 -y
1389 1509 129 21 Boulevard

1056 1544 27 20 de
1093 1544 22 19 la
1125 1544 135 25 Madeleine,
1271 1545 18 19 1.

981 1576 105 22 Paroisse
1122 1575 238 21 Sainte-Madeleine.

836 1648 11 19 7
872 1648 31 20 M.
914 1647 96 22 Charles
1019 1646 173 21 REGNAULT.

824 1681 24 20 20
874 1680 36 22 C"
921 1686 31 16 DE
962 1680 104 22 VICHY.

1020 1773 212 26 CARDINET
1247 1772 77 33 (rue)

833 1826 73 20 XVII*
916 1826 52 19 Arr.
978 1825 99 26 (Plaine
1085 1825 150 24 Monceaux)
1251 1828 26 18 <-
1287 1825 95 19 Avenue
1396 1824 122 24 Wagram.

987 1858 31 20 66.
1029 1862 24 17 ->•
1064 1858 95 19 Avenue
1170 1857 27 20 de
1208 1857 89 26 Clichy,
1308 1857 44 19 149.

826 1890 105 21 Paroisse
965 1889 303 25 Saint-François-de-Sales
1281 1889 39 25 (de
1328 1889 10 20 1
1348 1889 10 20 à
1368 1889 30 20 101
1410 1891 22 17 et
1441 1888 12 19 9
1463 1888 49 23 àflfi)

825 1955 26 21 50
877 1955 48 20 M–
935 1954 26 21 E.
972 1953 103 22 FABARS
1123 1953 223 21 Tau.sia-Bou.rnos
1428 1952 90 27 [Mardi]

876 1988 41 19 B«»
935 1990 23 17 et
976 1988 63 19 B"«
1057 1988 56 19 Jean
1132 1992 31 15 dk
1179 1987 183 21 LANGSDORFF
1414 1986 107 20 Fabars.

825 2046 25 22 54
864 2046 35 21 bis
909 2046 30 21 D,
953 2049 23 18 et
989 2046 48 21 l~lm-
1052 2046 83 21 Ernest
1149 2046 84 21 GASNE
1284 2046 94 21 Grivot.
1430 2019 90 27 [Mardi]

825 2046 25 22 54
864 2046 35 21 bis
909 2046 26 21 Dr
948 2046 26 21 et
989 2046 48 21 M™
1052 2046 83 21 Ernest
1149 2046 84 21 GASNE
1284 2046 94 21 Grivot.

875 2080 48 21 M»"
939 2080 145 21 dTVERNOIS
1133 2080 114 26 Ségalas.

876 2114 31 20 M.
921 2115 24 19 et
959 2114 47 20 M»1
1020 2114 106 25 Georges
1139 2113 152 20 d'IVERNOIS
1332 2113 118 19 Molenat.

825 2148 26 20 56
875 2146 33 21 M.
924 2146 67 21 Paul
1007 2146 184 21 NEGREPONTE.

827 2182 25 19 68
878 2180 31 20 M.
923 2180 82 20 Alfred
1015 2179 321 21 DOLFUS-PERDONNET.
