1749 2481
601 118 121 30 CORPS
745 116 290 35 DIPLOMATIQUE

326 234 274 64 CORPS
658 232 672 72 DIPLOMATIQUE

474 322 209 35 ÉTRANGER
709 319 213 38 ACCRÉDITÉ
948 325 49 30 EN
1023 325 151 29 FRANCE

531 503 26 29 I.
656 501 403 31 AMBASSADEURS

159 586 203 36 L'astérisque
381 588 33 34 {*)
433 587 87 35 placé
538 595 37 20 en
595 588 114 35 regard
726 588 42 27 du
787 596 72 18 nom
878 586 125 35 indique
1021 587 52 34 que
1090 587 35 34 la
1142 594 154 28 personne
1316 587 46 27 est
1382 588 122 27 mariée.

522 752 41 32 78,
593 759 54 19 rue
676 752 35 26 de
740 751 75 27 Lille
844 752 72 32 (vne)
946 751 35 32 [7.
1012 751 114 33 723-56]

124 806 81 24 S.A.S.
223 807 21 23 le
257 807 85 23 Prince
358 807 30 23 de
404 807 141 27 RADOLIN,
556 808 186 24 Ambassadeur
751 814 46 17 ex-

125 846 169 22 traordinaire
310 847 27 22 et
349 846 227 28 Plénipotentiaire
594 847 36 28 (12
644 854 65 15 mars
720 846 76 29 1901).

124 888 23 23 M.
158 888 23 23 le
198 888 71 23 Baron
283 888 28 23 de
329 888 145 29 LAKCKEN-W
490 888 129 29 AKENITZ,
635 888 162 29 Conseiller

124 926 178 24 d'Ambassade.

79 969 30 23 M.
126 969 21 23 le
162 969 83 23 Comte
259 969 30 23 de
305 969 126 29 MIRBACH
449 969 108 29 HARFF,
572 970 137 24 Deuxième
724 971 74 23 secré-

122 1008 66 24 taire
203 1010 25 22 et
244 1009 136 23 Conseille)-
394 1010 30 22 de
438 1010 117 28 légation.

77 1046 30 23 M.
120 1046 21 23 le
152 1046 83 23 Comte
250 1046 29 24 de
293 1045 192 30 HOHENTHAL,
506 1046 135 24 Troisième
650 1047 145 24 Secrétaire.

633 1115 380 32 AUTRICHE-HONGRIE

489 1170 44 34 57,
563 1178 55 19 rue
646 1170 37 27 de
714 1171 144 27 Varenne

79 1225 24 24 S.
121 1225 53 23 Exc.
191 1225 29 22 M.
237 1225 21 23 le
273 1225 83 23 Comte
371 1225 30 23 de
411 1219 389 36 KHEVENHÛLLER-METSCH,

122 1259 182 24 Ambassadeur
317 1261 203 23 extraordinaire
536 1262 24 22 et
576 1261 226 28 Plénipotentiaire

125 1295 35 28 (31
177 1293 125 24 décembre
317 1295 76 28 1903).

122 1328 30 24 M.
168 1329 21 22 le
204 1328 83 24 Comte
301 1329 84 23 Albert
400 1329 29 23 de
443 1324 228 34 NEMES-HIDVÈG,
688 1330 112 23 Conseil-
854 1347 18 24 nl

123 1363 37 23 ler
176 1363 180 27 d'Ambassade,
372 1364 38 28 62,
426 1370 43 17 rue
483 1363 216 24 Pierre-Charron.

121 1396 29 23 M.
169 1397 21 22 le
205 1397 77 23 Baron
296 1397 63 23 Léon
370 1397 29 23 de
421 1397 93 28 VAUX,
532 1398 140 23 Conseiller
690 1398 30 23 de
740 1398 61 30 léga-
854 1386 18 23 M

124 1432 61 26 lion,
202 1433 23 27 7,
240 1431 57 23 cité
311 1431 100 23 Vanneau
430 1433 71 28 (vu").

78 1464 29 24 M.
125 1465 21 23 le
156 1464 82 23 Comte
250 1464 178 24 SCHONBORN
438 1464 30 24 de
479 1464 162 29 BUCHHEIM,
652 1465 147 28 Secrétaire,
854 1462 18 22 M

123 1500 37 25 21,
177 1506 89 15 avenue
280 1498 143 30 Montaigne.

79 1532 29 23 M.
125 1534 23 21 le
162 1533 77 22 Baron
255 1532 74 23 Oscar
344 1532 139 23 GAUTSCH
499 1532 30 23 de
542 1532 257 29 FRAXKENTHURN,

124 1568 37 25 57,
181 1573 43 16 rue
239 1566 30 23 de
284 1566 119 27 Varenne,
422 1566 106 24 attaché.
854 1566 18 24 M

80 1600 30 23 M.
143 1600 21 22 le
192 1600 83 23 Comte
305 1600 104 30 Georges
440 1600 161 24 FESTETICS
632 1600 28 23 de
689 1600 109 29 FOLNA,

125 1635 111 23 Attaché.

304 1761 33 26 34
352 1764 28 24 et
393 1761 43 32 36,
453 1760 165 27 boulevard
636 1760 38 27 de
693 1760 175 28 Courcelles
887 1761 96 33 (xvn°)
999 1761 39 33 [^
1051 1761 97 27 500-10
1164 1764 28 24 et
1206 1760 113 34 500-11]

118 1815 27 23 S.
163 1814 54 24 Exc.
233 1815 29 23 M.
279 1816 28 23 de
331 1810 78 30 LÉON
428 1817 19 22 Y
469 1816 156 28 CASTILLO,
640 1816 106 29 Marquis
760 1816 40 23 del

124 1848 82 28 MUNI,
223 1849 27 23 G.
267 1849 26 23 C.
308 1851 37 27 jft,
361 1850 182 23 Ambassadeur
556 1850 204 23 extraordinaire
777 1853 24 20 et

125 1882 224 29 Plénipotentiaire
363 1885 36 27 (27
415 1883 128 23 novembre
558 1884 78 28 1897).

80 1922 30 23 M.
127 1923 80 23 Julian
223 1924 38 22 del
277 1925 132 24 ARROYO,
427 1926 116 22 Ministre
557 1926 140 22 conseiller.

127 1957 49 23 Duc
194 1957 29 23 de
237 1958 243 29 VISTAHERMOSA,
505 1960 128 22 deuxième
659 1961 142 27 secrétaire,

126 1993 22 26 3,
166 1998 42 17 rue
223 1993 155 24 Léo-Delibes
396 1994 76 28 (xvi").

79 2033 83 24 Comte
177 2034 28 23 de
221 2030 149 34 PRADÈRE,
393 2035 131 24 deuxième
547 2036 143 29 secrétaire,
712 2037 24 28 2,
758 2042 44 17 rue

125 2068 139 32 Meyerbeer
280 2070 61 29 (ix«).

79 2110 30 24 M.
126 2111 81 23 Carlos
222 2112 26 23 L.
264 2112 123 30 DORIGA,
404 2113 127 24 troisième
543 2113 146 29 secrétaire,
705 2114 38 28 29,
759 2120 42 17 rue

125 2146 105 24 d'Artois
240 2146 61 30 (vm«)

79 2188 31 23 SI.
128 2188 83 25 Carlos
226 2190 28 23 de
278 2191 24 23 la
326 2191 131 30 HUERTA,
481 2192 107 28 attaché,
606 2193 38 27 48,
660 2197 93 18 avenue
766 2191 34 23 du

125 2222 236 33 Bois-de-Boulogne
382 2225 78 29 (xvi#).

780 378 103 26 1908

705 695 233 31 ALLEMAGNE

854 808 23 24 S.
893 809 29 23 A.
938 808 25 25 S.
980 808 133 24 HENRICH
1128 807 106 28 XXXIII,
1249 807 85 23 Prince
1349 807 104 24 KEUSS.

852 842 28 23 M.
897 843 112 27 FRANK,
1025 842 111 27 Attaché,
1152 843 37 26 47,
1204 841 65 23 boul.
1286 840 29 23 de
1338 840 136 24 Courcelles
1492 841 82 29 (vm1).

852 877 29 23 M.
899 878 21 22 le
936 878 29 23 D'
977 876 197 24 HORSTMANN.

852 911 29 23 M.
896 911 22 23 le
928 911 74 31 Major
1011 911 29 23 de
1055 909 244 31 MUTIUS.lAMacftf?
1310 909 127 29 militaire,
1449 909 25 29 1,
1488 915 88 25 square

896 946 30 22 de
939 945 240 30 Latour-Maubourg
1192 945 73 28 (vu").

895 980 29 23 M.
950 981 21 22 le
996 979 185 24 Contre-Amiral
1206 979 113 28 SIEGEL,
1347 979 26 23 0.
1403 980 37 28 #,
1470 979 104 24 Attaché

897 1015 80 27 naval,
1002 1016 21 26 i,
1047 1021 42 15 rue
1102 1013 168 23 Léo-Delibes.

894 1049 30 22 M.
942 1048 202 28 THIELEMANN,
1162 1048 137 23 Conseiller
1317 1048 87 23 intime
1419 1049 108 29 aulique.

886 1172 74 34 (viie)
988 1171 40 35 LE
1051 1171 108 34 701-32]

884 1227 29 23 M.
946 1228 22 22 le
1000 1227 84 23 Comte
1113 1227 103 23 Herbert
1237 1227 30 22 de
1289 1226 215 29 HERBERSTEIN,
1535 1229 40 28 #r

898 1265 262 24 Lieutenant-Colonel
1175 1265 183 29 d'Etat-Major,
1384 1265 107 24 Attaché
1502 1265 70 24 mili-

899 1306 76 27 taire,
989 1306 38 27 46,
1042 1312 91 16 avenue
1147 1304 88 23 Kléber
1251 1305 80 29 (xvr).

910 1347 105 30 HIRSCH,
1032 1348 139 24 Secrétaire
1184 1348 27 24 de
1227 1347 172 24 chancellerie.

906 1386 78 23 Ernest
999 1386 112 27 TRIPSS,
1126 1386 139 23 Secrétaire
1278 1386 27 23 de
1317 1386 172 24 chancellerie.

898 1424 18 22 le
924 1424 77 22 Baron
1009 1424 51 23 Max
1069 1423 110 28 HANDEL,
1194 1423 189 28 Secrétairede
1396 1424 175 23 chancellerie.

904 1462 24 22 de
942 1462 104 22 NAVAY
1060 1462 29 22 de
1104 1456 151 34 FÔLUEAK,
1270 1463 108 27 Délégué
1394 1463 34 22 dit
1442 1463 129 23 Ministère

897 1496 69 27 royal
996 1496 30 21 de
1050 1495 139 23 Commerce
1211 1496 30 21 de
1268 1496 118 28 Hongrie,
1414 1496 39 27 49,
1480 1503 96 18 avenue-

897 1528 137 30 Montaigne
1049 1529 84 28 (vin*).

906 1566 91 24 Charles
1013 1566 228 26 d'ENTZEBIHEL,
1261 1567 90 23 Consul
1365 1567 107 29 général,
1490 1568 83 23 Direc-

898 1603 56 21 teur
973 1602 32 21 du
1024 1600 350 30 Département-Commercial
1396 1602 30 22 de
1447 1601 126 24 l'Ambas-

896 1636 67 27 sade,
980 1636 35 28 18,
1032 1641 42 17 rue
1088 1634 198 24 Pierre-Charron
1302 1635 78 30 (xvr).

737 1702 173 33 ESPAGNE

854 1816 83 23 Comte
953 1817 30 23 de
1000 1817 57 23 SAN
1073 1817 143 28 ESTEBAN,
1232 1816 107 28 attaché,
1353 1817 38 26 29,
1403 1822 42 17 rue
1460 1816 30 24 de
1504 1816 70 24 Cons-

898 1851 93 21 tantine
1011 1851 69 28 fvir»).

854 1887 29 22 M.
899 1887 22 22 le
936 1887 243 24 lieutenant-colonel
1198 1888 127 22 Francisco
1344 1881 150 34 ECHAGÜE,
1515 1890 59 21 atta-

900 1920 46 24 ché
960 1922 131 27 militaire,
1110 1922 37 25 12,
1163 1928 42 16 rue
1225 1920 168 24 Desrenaudes
1410 1921 87 28 (xvn").

854 1953 30 24 M.
901 1954 23 23 J.
957 1954 151 29 «UNONES
1131 1955 30 23 de
1182 1949 87 34 LKOS,
1298 1955 105 23 Attaehé
1433 1954 143 28 honoraire,

899 1991 37 25 77,
953 1995 89 17 avenue
1057 1989 109 23 Marceau
1183 1989 79 29 (xvr).

855 2021 29 24 M.
894 2022 138 23 Albertode
1041 2023 40 23 LA
1091 2022 109 30 TORRE,
1209 2022 98 29 Attaché
1321 2022 141 29 honoraire,
1474 2022 99 28 29,ave-

900 2064 45 15 nue
960 2056 128 24 Friedland
1104 2058 80 28 (vin*).

854 2090 31 24 M.
899 2091 29 23 A.
951 2091 29 24 de
1003 2086 79 30 LÉON
1112 2092 19 23 Y
1154 2090 146 25 CASTILLO
1325 2091 19 23 Y
1373 2090 199 29 RETORTILLO,

900 2125 107 24 Attaché
1018 2127 140 23 honoraire.

881 2159 27 24 M.
927 2160 22 23 le
963 2160 103 32 Marquis
1082 2161 29 23 de
1125 2160 78 24 CASA
1217 2160 156 28 MENDARO,
1389 2159 105 24 Attaché
1505 2160 74 23 hono-

899 2192 76 22 raire.

855 2223 29 24 M.
900 2224 92 24 Ramon
1007 2225 57 24 DEL
1075 2220 120 34 RtO-GIL,
1211 2224 108 24 Attaché
1332 2224 150 24 consulaire.
