1749 2481
684 102 350 31 APLES-MARITIMES

1169 102 147 30 CANNES

402 106 151 30 CANNES

134 201 87 23 Balbe
244 200 34 30 (S.
303 200 26 23 E.
345 199 50 32 Mgr
410 199 49 31 de),
475 199 59 23 villa
550 198 104 28 Valetta,
675 196 94 25 chemin
785 195 29 24 de
828 194 22 24 la

165 235 136 25 Californie.

135 277 102 22 Farrer
266 274 82 31 (M»*),
361 274 82 31 chemin
461 273 30 23 de
509 273 24 23 la
556 270 139 30 Californie,
722 270 58 23 villa
799 268 51 24 Bis-

162 309 159 30 liopsbourne.

134 351 92 21 Faure
242 348 48 30 (J.),
307 354 42 17 rue
362 348 30 23 de
406 347 96 29 Grasse,
519 346 59 25 villa
591 346 90 23 Lucile.

135 389 203 24 Faure-Miller
362 388 38 30 (Dr
415 385 99 31 Harold)
531 387 91 23 Ancien
642 386 97 23 Interne
754 384 42 24 des
810 384 40 23 hô-

162 429 88 28 pitaux
268 427 32 30 [et
313 426 48 24 M"»
378 427 43 22 née
436 428 37 21 Le
489 424 115 31 Grand],
619 423 32 24 bd
665 423 31 23 du
711 423 99 28 Cannet,
825 424 22 21 9.

136 466 129 24 Fleurieu
281 465 72 31 (C"1"
367 465 26 23 L.
416 464 48 29 de),
490 464 59 22 villa
570 463 45 23 Les
633 462 120 28 Avelines,
783 462 64 24 boul.

165 501 96 24 Carnot.

134 542 129 22 Fleurieu
278 540 66 29 (V"),
359 539 78 23 même
451 537 70 24 villa.

135 576 89 21 Floltz
241 574 56 29 (Mm"
311 574 84 30 Jules),
408 574 59 23 villa
483 573 23 24 la
520 571 141 29 Madeleine,
674 571 93 24 chemin
781 571 29 24 de
827 571 22 23 la

164 608 118 32 Peyreire.

134 650 135 21 Francart
279 647 38 30 (M.
327 645 236 31 etM""},r.Borniol,
574 644 65 24 villa
652 644 195 24 Marie-Mathilde.

134 689 125 26 Frauger
274 686 37 29 (M.
328 689 24 20 et
364 685 68 29 Mm"),
447 685 65 23 boul.
529 685 117 27 d'Alsace,
662 684 58 23 villa
732 684 71 23 Julia.

137 728 95 22 Fritch
246 725 37 29 (M.
296 729 24 20 et
332 725 68 29 Mm'),
412 729 69 20 route
491 725 30 23 de
533 723 96 29 Grasse,
640 723 57 23 villa
707 723 142 24 Guillaume-

165 756 111 31 Georges.

136 822 140 28 Gagarine
291 821 45 30 (P°ô
351 825 24 19 et
391 820 65 23 P°""
473 819 115 31 Nicolas),
604 819 59 23 villa
680 818 107 24 Isabelle.

134 862 292 27 Gagarine-Stourdza
442 859 18 30 [f
469 859 65 30 '•'•'),
552 858 77 24 même
643 858 104 24 adresse.

136 902 127 22 Galbrait
277 900 38 29 (M.
331 903 23 18 et
367 899 68 29 M""),
451 897 92 24 chemin
559 898 30 23 de
607 897 24 23 la
649 896 198 25 Croix-des-Gar-

165 930 49 28 des,
229 929 58 23 villa
300 929 64 23 Belle
382 929 77 22 Vista.

136 971 139 21 Galitzine
290 968 46 27 (P"
354 972 23 19 et
391 967 64 23 P°"'°
470 966 91 31 Serge),
575 966 60 24 villa
651 967 23 23 la
691 966 79 29 Forêt,
785 966 61 23 bou-

166 999 79 23 levard
260 997 120 24 d'Oxford.

135 1039 120 26 Galwey
279 1037 74 29 (V"1"
372 1036 48 29 de),
434 1036 59 23 villa
510 1036 71 28 Véra,
597 1039 68 20 route
680 1035 28 23 de
726 1035 91 30 Fréjus.

136 1079 74 20 Gans
224 1078 34 21 de
272 1077 117 22 Fabrice
405 1075 38 29 (D'
458 1075 58 23 Paul
535 1074 57 31 Fr.),
603 1074 57 31 villa
675 1073 82 25 Stella.

136 1116 184 22 Gaudemaris
335 1113 56 30 (M"*
409 1112 49 31 de),
479 1113 59 23 villa
556 1112 98 32 Règina,
674 1112 39 25 bd.
730 1113 116 24 d'Alsace.

137 1155 184 22 Gaudemaris
336 1151 45 30 (M"
397 1156 23 19 et
436 1152 47 23 M'"
498 1152 47 30 de),
564 1152 77 24 même
655 1152 102 24 adresse.

136 1194 129 26 Gauthey
281 1192 74 30 (M""),
371 1196 69 19 route
450 1192 29 23 de
493 1192 92 30 Fréjus,
600 1191 59 24 villa
673 1192 144 24 Raimbault.

137 1233 111 27 Geffroy
265 1230 38 30 (A)
318 1232 36 27 11,
369 1238 42 15 rue
427 1230 126 24 Hermaua.

137 1271 132 22 Germain
285 1270 39 30 (J),
339 1269 98 29 Avocat,
453 1276 42 16 rue
510 1269 240 32 Sainte-Marguerite,
768 1273 19 21 1.

136 1310 134 22 Germain
282 1308 45 31 (E.)
336 1312 92 27 cottage
443 1308 122 29 Germain,
575 1308 34 31 pi.
619 1308 29 23 du
660 1308 186 32 Masque-de-fer.

138 1349 91 22 Ghika
242 1348 45 29 (P"
301 1347 208 30 Jean-Alexandre)
529 1347 33 30 [et
582 1347 63 23 P"–
665 1349 42 22 née
730 1348 116 30 Singer],

166 1387 58 23 villa
240 1387 136 23 Primavera
388 1386 55 31 [7.],
460 1390 71 19 route
546 1385 29 25 de
589 1386 91 30 Fréjus.

138 1427 94 22 Gibert
259 1420 129 35 (Edouard)
405 1425 32 31 [et
446 1424 49 24 M"*
509 1426 43 22 née
573 1424 29 24 de
620 1425 148 30 Malartic),
793 1425 58 23 villa

166 1455 120 25 Benédite.

138 1496 76 22 Giles
229 1495 39 29 (I)'
282 1499 24 19 et
320 1494 67 31 M""),
403 1494 59 23 villa
475 1493 136 24 Germaine.

138 1535 100 22 Girard
252 1533 39 30 (D'
308 1533 46 30 L.),
373 1540 42 16 rue
430 1533 82 28 Bossu,
531 1534 22 22 1.

138 1573 105 22 Giraud
258 1571 99 30 (Louis),
372 1573 106 27 notaire,
495 1574 21 26 1,
531 1579 44 16 rue
584 1571 162 24 Notre-Dame.

139 1613 104 21 Giraud
257 1612 111 27 d'Agay
390 1610 57 30 (de),
473 1611 100 28 Avocat,
589 1611 130 23 boulevard
733 1610 117 28 d'Alsace,

170 1640 56 23 villa
240 1640 154 24 Saint-Marc.

139 1681 147 26 Gonzalès,
314 1680 78 23 chalet
421 1680 29 23 de
479 1680 23 23 la
531 1679 102 29 Dorade,
657 1680 92 23 chemin
776 1679 29 24 de
829 1679 23 24 la

169 1709 96 28 Source,
288 1709 125 24 Croisette.

139 1749 96 22 Gooch
245 1747 48 30 (Sir
303 1747 45 31 Hy)
356 1747 136 29 villaTilia,
504 1747 66 32 ch.de
583 1747 26 32 II
622 1747 66 32 Gava,
701 1747 146 32 Beausèjour.

140 1788 152 22 Goulliaud
308 1786 36 29 [M.
363 1791 23 18 et
400 1786 67 29 M""),
484 1787 59 22 villa
557 1786 148 24 Grand-Piu.

139 1827 94 21 Grand
247 1824 58 31 (Dr),
322 1831 41 17 rue
378 1824 133 29 d'Antihes,
532 1825 38 23 48.

140 1864 207 23 Grant-Morris
368 1862 58 31 (M.),
444 1863 58 23 villa
519 1863 124 28 Alberton,
661 1863 96 24 Chemin
781 1863 29 24 do
831 1863 23 24 la

170 1894 136 23 Californie.

141 1934 89 22 Green
242 1931 132 31 [Capitaine
388 1931 45 31 P.),
445 1931 65 30 villa
523 1931 143 30 Clémentine,
676 1931 38 24 bd.
731 1931 119 24 d'Oxford.

140 1973 117 22 Grenier
272 1970 76 31 (M™*),
362 1970 59 23 villa
435 1970 111 28 Allovon,
561 1978 42 16 rue
626 1970 51 24 Jean
689 1970 102 24 Dollfus.

140 2012 126 26 Grignon
281 2012 33 21 de
331 2012 37 21 La
383 2011 119 27 Geterie,
512 2010 82 23 chalet
607 2009 43 24 Les
665 2009 156 24 Mandariues.

140 2051 112 26 Groyne
267 2049 109 29 (Général
394 2052 24 19 et
431 2048 68 31 Mm*),
516 2048 59 24 villa
596 2047 45 25 Les
657 2048 121 25 Phalénes.

139 2089 106 22 Guilloi
261 2087 38 30 (M.
310 2087 23 29 et
344 2087 59 29 M"*),
414 2087 47 29 161,
476 2094 19 17 r.
508 2086 28 24 de
545 2086 97 29 France,
653 2087 57 23 villa
724 2087 127 23 Christina.

141 2127 185 23 Guilloteauz
342 2126 37 30 (M.
398 2130 23 19 et
433 2126 68 31 M"*),
516 2125 59 24 villa
594 2124 169 32 Saint-Joseph.

141 2165 107 29 Guigné
265 2165 44 29 (G"
325 2168 24 20 et
363 2165 64 23 C'
448 2165 49 30 de),
513 2164 59 25 villa
595 2165 171 28 Rochefleurie,
785 2168 68 21 route

171 2194 131 25 d'Antibes.

139 2234 86 23 Guise
240 2234 56 30 (L.),
312 2234 96 28 Avocat,
423 2234 131 24 boulevard
565 2234 116 28 d'Alsace,
696 2234 58 23 villa
772 2234 79 24 Louis.

904 196 97 23 Guiter
1017 196 37 29 (Dr
1066 196 25 29 et
1106 195 68 30 Mm<),
1189 197 37 26 21,
1241 202 43 17 rue
1298 195 129 28 Hermann,
1441 194 59 24 villa
1519 194 94 24 Denise.

904 235 131 28 Gwynne
1050 234 205 31 villa
1269 235 46 23 Les
1333 234 124 24 Phalènes.

903 313 66 22 Hall
987 312 75 31 (M"«),
1080 312 59 24 villa
1151 313 114 28 Merville,
1283 312 130 24 boulevard
1427 312 96 24 Carnot.

903 353 126 22 Hambro
1045 351 72 30 (B™~
1140 352 49 29 de),
1206 352 58 23 villa
1282 351 136 32 Tremynfa,
1440 351 92 25 chemin
1548 350 28 25 de
1592 352 23 22 la

931 381 136 24 Californie.

902 422 134 21 Hamelin
1052 420 50 30 (M.)
1120 421 58 23 villa
1193 421 23 23 la
1228 421 81 28 Liane,
1325 425 68 19 route
1409 421 131 23 d'Antibes.

904 461 146 21 Hamilton
1062 460 65 29 (M"')
1142 464 70 20 route
1228 460 28 24 de
1273 461 91 29 Fréjus,
1382 460 58 24 villa
1453 459 113 25 Victoria.

902 496 434 32 Hansard(M.),villaCapo-di-Monte,
1350 496 42 32 cb.
1406 496 28 32 de
1446 497 23 25 la
1480 497 128 25 Californie.

902 536 144 22 Hatchard
1062 535 76 31 (M"">)
1150 535 63 31 villa
1225 535 101 31 Cambria,
1347 537 36 23 ch.
1400 536 28 24 de
1443 537 23 23 la
1476 535 136 25 Californie.

902 575 128 22 Hébrard
1046 575 39 29 (A.
1104 575 42 30 d'),
1163 577 23 26 5,
1201 583 42 15 rue
1257 575 42 24 des
1313 576 150 23 Ponchettes.

901 615 158 22 Helffreich
1090 614 133 30 {Général),
1253 614 94 24 chemin
1374 615 30 23 de
1439 614 174 31 Beau-Séjour,

930 643 58 23 villa
1006 643 135 25 Anastasie.

901 685 116 21 Hennin
1027 683 107 29 (Colonel
1144 684 42 29 d'),
1197 684 59 23 villa
1264 683 126 29 d'Hennin,
1401 688 68 19 route
1479 685 133 22 d'Antibes.

901 724 98 26 Henry
1015 722 37 30 (M.
1068 726 24 20 et
1106 722 67 30 M™"),
1188 729 42 17 rue
1244 722 29 24 de
1286 723 107 28 Mimont,
1409 723 92 24 maison
1520 723 92 24 Hibert.

901 763 156 21 Hewetson
1071 761 59 31 (M.),
1147 761 59 23 villa
1223 762 93 28 Muriel,
1330 761 132 25 boulevard
1482 762 97 24 Leader.

901 801 125 26 Hignard
1040 801 33 22 de
1090 802 89 21 Laval
1197 800 76 30 (Mm<),
1297 800 58 24 villa
1377 800 234 32 Hignard-de-Laval,

930 834 67 19 route
1013 830 28 23 de
1056 830 123 31 l'Hôpital.

901 869 97 23 Hoche
1014 868 131 31 (Gustave),
1159 869 58 24 villa
1231 869 41 24 des
1292 870 143 24 Anémones.

901 909 155 21 Hoffmann
1070 908 50 30 (B°»
1133 908 73 24 Louis
1220 908 48 30 de),
1279 911 27 27 fa
1316 908 29 23 de
1359 908 35 23 La
1408 910 69 22 Boca.

901 948 135 22 Hunloke
1051 947 76 29 (M""),
1143 948 58 23 villa
1214 947 172 28 Montbrillant,
1402 948 63 24 boul.
1483 948 98 24 Leader.

900 1042 118 24 Jaubert
1042 1041 38 31 (M.
1104 1043 106 30 Joseph),
1233 1042 58 24 villa
1305 1043 39 23 Bel
1362 1043 108 32 Respiro,
1498 1044 32 28 35,
1546 1048 70 20 route

929 1081 132 24 d'Antibes.

899 1121 141 22 Jeancard
1053 1120 86 30 (Paul),
1156 1122 142 28 Ingénieur,
1312 1123 24 26 5,
1351 1128 43 16 rue
1409 1122 128 23 Hermann.

900 1161 122 27 Jeffreys
1037 1159 125 31 (Colonel),
1178 1161 59 22 villa
1251 1160 165 31 Bel-Respiro.

901 1200 67 27 Joly
985 1198 36 30 (I)'
1033 1198 75 30 Paul),
1123 1199 27 23 0.
1165 1199 26 32 A.
1204 1199 26 32 4|
1246 1199 33 31 [et
1297 1199 46 22 M"
1359 1200 42 22 née
1417 1200 97 28 Agard
1533 1201 76 22 d'Es-

930 1237 114 30 clevin],
1063 1239 29 27 {fe
1115 1237 148 24 Saint-Léon.

901 1277 127 22 Jourdan
1046 1277 49 29 (J.),
1108 1277 147 28 Architecte,
1270 1279 37 26 81,
1324 1283 41 17 rue
1378 1276 131 25 d'Antibes.

902 1317 54 21 Jud
971 1315 69 30 (B"">"
1056 1315 48 30 de),
1118 1315 60 24 villa
1193 1315 231 30 Charlotte-Amélie,
1436 1317 28 21 rh
1476 1316 29 24 de
1515 1316 98 24 Grasse.

901 1355 109 27 Juglar,
1025 1353 59 24 villa
1101 1354 133 29 Théodore,
1256 1362 41 16 rue
1311 1354 30 23 de
1356 1355 23 22 la
1401 1353 108 33 Ferrage.

903 1449 105 24 Kerros
1024 1449 161 31 (Barthélémy
1200 1449 47 30 de),
1262 1449 59 23 villa
1340 1450 32 22 les
1388 1448 97 25 Chênes.

903 1489 266 22 Keuneth-Roberts
1184 1488 38 29 (M.
1238 1491 23 20 et
1275 1488 68 29 M"),
1353 1487 130 24 boulevard
1497 1488 119 30 d'Alsace,

933 1518 58 22 villa
1009 1518 96 23 Murcia.

904 1558 124 26 Kierdof,
1044 1557 59 23 villa
1121 1558 34 22 les
1170 1557 130 28 Fauvettes,
1313 1557 65 28 route
1393 1556 29 25 de
1436 1557 92 32 Fréjus!

903 1596 76 27 King
994 1595 55 30 (M""
1064 1595 190 31 Edwards),The
1271 1596 160 30 Wildermess,
1445 1596 87 30 chemin
1550 1597 28 23 de
1594 1597 22 22 la

934 1625 235 25 Croix-des-Gardes.

904 1665 162 28 King-Cox,
1084 1664 33 24 bd
1132 1665 28 23 de
1182 1665 22 24 la
1219 1665 125 29 Croisette,
1359 1665 58 24 villa
1432 1665 120 24 Del-Sole.

905 1704 91 26 Kings
1011 1703 37 30 (M.
1064 1707 24 19 et
1101 1703 49 23 M"o
1164 1703 120 31 Edwards),
1297 1703 67 31 villa
1380 1703 192 31 Saint-Georges.

905 1743 91 22 Knatz
1018 1742 55 29 (Mm<
1096 1742 41 31 J.),
1152 1743 94 24 chemin
1269 1743 42 24 des
1325 1742 148 29 Vallergues,
1496 1742 57 24 villa
1567 1743 46 24 Les

935 1771 144 31 Rossignols.

906 1855 139 23 Labrosse
1061 1855 73 29 (>'«••••
1150 1854 47 29 de),
1212 1853 32 24 bd
1260 1853 120 28 d'Oxford,
1394 1855 59 23 villa
1466 1855 112 30 Siéplien.

905 1893 109 23 Lacour
1028 1892 38 30 (M.
1083 1897 23 19 et
1120 1893 67 29 11""),
1203 1891 58 24 villa
1273 1892 97 30 Aurore,
1383 1892 69 30 boul.
1470 1894 31 23 du
1519 1894 98 23 Caunet.

907 1933 162 27 Lacretelle,
1087 1931 60 23 villa
1160 1930 113 31 Stephen,
1288 1931 130 24 boulevard
1434 1931 120 24 d'Oxfoid.

907 1971 97 28 Lalou,
1016 1971 103 22 Docteur
1128 1976 30 16 en
1165 1969 120 24 médecine
1298 1969 86 32 [etM"«
1395 1970 222 31 néedeBorniol].

907 2011 210 25 Langenhagen
1132 2008 40 29 (Dr
1186 2007 47 31 de),
1248 2009 22 28 8,
1286 2016 42 16 rue
1342 2010 29 24 de
1391 2010 23 23 la
1427 2009 70 24 Foux.

907 2049 165 27 Laqueuille
1089 2046 46 31 (M"
1150 2046 47 31 de),
1212 2049 22 27 7,
1250 2055 42 16 rue
1311 2048 128 24 Hermann.

907 2088 37 21 La
958 2088 93 21 Roche
1067 2087 125 28 d'Espeil
1207 2086 75 31 (M"'),
1297 2089 22 26 9,
1333 2094 86 25 square
1434 2086 116 24 Mérimée.

907 2127 38 20 La
958 2124 229 25 Rochefoucault
1201 2127 62 29 (voir
1277 2127 227 28 Doudeauville).

907 2167 38 20 La
969 2167 65 20 Tour
1078 2167 161 26 Maubourg
1260 2165 54 29 [M'"
1338 2166 48 29 de),
1407 2165 58 23 villa
1492 2165 41 23 des
1560 2165 56 28 lies,

934 2194 130 23 boulevard
1079 2193 28 24 de
1124 2195 23 22 la
1165 2195 123 24 Croisette.

907 2235 123 21 Laurent
1042 2233 56 31 (C),
1112 2234 60 22 villa
1185 2234 189 29 Vaste-Horizon,
1394 2238 68 20 route
1478 2234 27 23 de
1521 2234 95 23 Grasse.
