1749 2481
705 96 305 31 PARIS-MONDAIN

281 196 423 68 CHEMINS
746 202 124 60 DE
911 203 180 59 FER
1132 202 131 63 DU
1304 202 208 60 MIDI

857 286 104 13 G~

262 327 46 21 Les
332 334 136 22 voyageurs
499 333 102 23 peuvent
625 331 113 21 effectuer
760 332 42 21 des
824 337 108 21 voyages
951 337 42 16 sur
1015 332 21 21 le
1052 333 86 20 réseau
1157 332 31 21 du
1213 331 56 22 Midi
1288 332 153 24 (notamment
1459 331 59 20 dans
1537 330 36 20 les

211 361 120 27 Pyrénées
352 366 23 18 et
396 369 47 15 aux
466 364 93 28 Gorges
574 365 30 21 du
625 366 70 26 Tarn)
715 372 30 14 au
768 372 84 21 moyen
872 366 68 21 d'une
962 366 44 21 des
1030 366 177 21 combinaisons
1226 367 129 24 suivantes,
1380 367 147 25 comportant
1544 363 29 21 de

210 396 109 22 notables
332 396 137 23 réductions
483 404 42 15 sur
538 399 35 21 les
587 400 52 26 prix
654 399 132 22 ordinaires
800 400 43 21 des
858 401 72 26 places

339 447 29 18 1°
379 446 102 21 Billets
494 447 101 21 d'aller
606 448 29 20 et
649 449 98 19 retour
765 448 172 20 individuels
956 450 28 18 et
1000 450 36 18 de
1051 449 110 19 lamine
1174 450 35 18 de
1223 449 95 19 toutes
1336 449 111 19 classes

356 486 14 19 à
384 484 141 22 destination
539 485 42 21 des
594 486 101 20 stations
709 485 128 22 thermales
850 488 24 19 et
887 486 133 21 balnéaires
1034 487 90 20 situées
1139 492 42 15 sur
1193 487 21 20 le
1225 487 86 20 réseau
1326 487 29 20 du
1370 486 62 20 Midi.

471 519 79 22 Durée
564 520 24 26 (1)
619 521 25 20 83
654 521 77 27 jours,
745 526 47 16 non
807 521 103 26 compris
923 521 22 20 le
955 521 56 26 jour
1024 521 29 21 de
1066 521 82 26 départ
1159 524 24 18 et
1194 521 122 22 d'arrivée.

215 594 28 18 t°
263 591 103 22 Billets
382 595 35 19 de
435 599 124 20 voyagea
574 594 169 21 circulaires
762 595 211 21 Paris-Centre
991 596 35 19 de
1043 595 28 20 la
1090 596 126 19 France.
1234 596 18 19 –
1264 594 310 25 Pyréuécs-Provence

608 631 29 19 et
655 631 110 24 Gorges
781 631 37 19 du
833 632 77 18 Tarn
928 630 50 25 (1"
991 631 28 19 et
1031 631 29 19 t'
1074 629 119 26 classes)

238 674 77 21 Durée
333 675 25 25 (I)
398 675 25 21 20
440 675 66 27 jours
525 681 58 22 pour
601 675 34 22 les
657 682 107 21 voyages
781 676 124 21 intérieurs
928 676 56 21 Midi
1005 678 35 25 (G.
1058 678 32 19 V.
1113 677 24 25 5)
1158 680 23 17 et
1202 677 25 21 30
1240 675 67 27 jours
1326 681 60 22 pour
1407 676 36 20 les
1466 680 108 22 voyages

211 714 126 16 communs
350 714 57 16 avec
419 710 116 25 l'Orléans
544 713 22 18 et
579 711 22 20 le
613 712 24 19 P.
654 711 23 20 L.
689 711 30 20 M.
733 712 35 24 (G.
778 712 30 19 V.
819 712 75 25 105).
909 712 15 25 –
935 711 34 20 En
984 713 74 23 outre,
1072 711 17 20 il
1101 713 36 18 est
1150 710 94 25 délivré,
1257 716 40 15 sur
1311 711 35 20 les
1359 710 102 21 réseaux
1475 710 29 21 du
1519 710 55 20 Midi

212 746 23 18 et
248 743 131 26 d'Orléans,
398 744 43 21 des
461 744 77 22 billets
558 745 113 26 spéciaux
695 745 78 22 d'aller
787 749 22 17 et
829 749 81 18 retour
932 747 14 19 à
965 746 52 26 prix
1037 746 90 21 réduits
1149 751 59 21 pour
1228 748 126 23 permettre
1368 750 47 15 aux
1429 749 146 21 voyageurs,

212 779 109 24 porteurs
334 777 27 21 de
373 778 76 21 billets
464 779 28 20 de
507 785 107 21 voyages
627 779 144 27 circulaires,
787 780 28 21 de
829 780 83 21 visiter
920 780 42 21 des
973 781 78 25 points
1063 780 75 21 situés
1150 787 29 14 en
1195 779 87 22 dehors
1295 780 30 20 du
1335 785 94 21 voyage
1444 778 130 22 circulaire:

212 811 35 20 les
261 812 185 27 Eaux-Bonnes,
457 813 35 21 les
507 813 200 28 Eaux-Chaudes,
722 814 173 26 Carcassonne,
908 817 45 18 etc.

444 882 28 20 S«
490 882 102 21 Billets
607 884 102 19 d'aller
722 884 29 19 et
765 884 99 20 retour
876 884 35 20 de
924 883 110 20 famille
1047 889 72 20 pour
1132 884 42 20 les
1188 888 147 16 vacances.

577 917 66 20 Durée
684 918 25 19 33
719 918 75 26 jours,
805 923 46 14 non
865 918 104 26 compris
981 918 20 19 le
1010 918 56 26 jour
1079 918 28 20 de
1120 918 88 26 départ.

354 994 29 19 4°
394 994 101 21 Cartes
511 995 196 21 d'excursions
716 997 73 19 dans
802 997 26 19 le
845 997 105 19 Centre
964 998 35 18 de
1011 997 27 19 la
1051 998 110 19 France
1179 998 28 18 et
1225 997 43 20 les
1283 994 146 27 Pyrénées

491 1032 104 22 donnant
609 1033 60 21 droit
679 1035 14 19 à
707 1034 22 20 la
743 1033 56 21 libre
813 1033 139 21 circulation
966 1034 60 20 dans
1035 1034 36 21 les
1081 1040 71 15 zones
1167 1035 14 19 à
1195 1034 114 27 explorer.

263 1065 46 22 Ces
322 1068 80 19 cartes
416 1069 54 18 sont
483 1067 116 21 délivrées
613 1068 30 20 du
657 1069 24 20 15
693 1068 49 26 juin
756 1069 28 20 au
798 1069 28 20 15
845 1069 141 25 septembre,
1001 1074 31 15 au
1046 1068 82 27 départ
1142 1069 29 19 de
1187 1071 75 18 toutes
1278 1068 34 22 les
1329 1074 73 21 gares
1415 1068 43 21 des
1471 1068 103 20 réseau
1563 1074 11 14 s.

212 1099 32 21 du
258 1100 55 20 Midi
328 1102 22 19 et
363 1101 28 20 de
400 1101 125 23 l'Orléans.

263 1134 76 21 Durée
350 1135 28 21 de
393 1135 105 22 validité:
514 1143 30 13 un
559 1136 59 22 mois
632 1142 60 16 avec
706 1136 86 29 faculté
807 1136 29 21 de
850 1136 165 27 prolongation
1030 1139 142 23 moyennant
1187 1137 151 26 supplément.

263 1169 17 20 Il
294 1169 76 21 existe
379 1170 13 21 5
405 1176 72 15 zones
493 1171 163 21 d'excursions
669 1177 42 15 sur
724 1171 126 27 lesquelles
865 1171 20 20 le
900 1177 124 21 voyageur
1037 1177 13 14 a
1064 1171 60 22 droit
1138 1171 14 20 à
1167 1172 23 20 la
1206 1171 62 21 libre
1278 1171 161 21 circulation.

263 1203 47 21 Les
324 1205 51 25 prix
390 1204 90 21 varient
497 1205 95 21 suivant
604 1205 22 21 le
639 1206 65 26 point
722 1205 29 20 de
765 1205 83 27 départ
863 1208 21 18 et
898 1205 23 21 la
935 1212 58 14 zone
1012 1205 110 21 choisie.
1167 1206 48 20 Des
1233 1205 139 21 réductions
1384 1205 72 26 allant
1468 1205 24 26 de
1504 1205 24 26 10
1540 1205 36 26 0/0

212 1244 59 22 pour
291 1238 23 21 la
333 1238 121 21 deuxième
477 1245 117 21 personne
613 1239 93 27 jusqu'à
721 1240 26 20 50
763 1240 39 25 0/0
823 1246 60 20 pour
897 1239 23 21 la
934 1240 99 20 sixième
1048 1243 23 17 et
1084 1239 35 21 les
1133 1240 122 21 suivantes
1269 1242 53 18 sont
1335 1239 134 22 consenties
1484 1241 14 18 à
1511 1243 65 17 toute

211 1278 116 21 personne
346 1274 38 25 qui
399 1275 102 19 souscrit
515 1280 29 14 en
558 1275 76 19 même
648 1277 76 24 temps
737 1275 120 25 plusieurs
872 1277 78 17 cartes
960 1275 29 19 de
1004 1275 75 20 même
1094 1277 83 18 nature
1190 1280 28 15 en
1228 1274 84 21 faveur
1326 1274 41 20 des
1376 1274 120 20 membres
1511 1275 28 19 de
1549 1280 28 15 sa

210 1307 88 21 famille
312 1307 35 26 (2).

338 1373 30 19 S>«
386 1373 103 20 Billets
504 1371 132 27 spéciaux
652 1373 101 20 d'aller
771 1373 29 20 et
814 1375 100 19 retour
928 1375 36 19 de
980 1374 96 21 toutes
1095 1375 111 19 classes
1221 1379 71 20 pour
1307 1375 124 19 Lourdes

237 1427 107 22 Délivrés
357 1434 32 15 au
402 1428 82 26 départ
497 1429 29 20 de
536 1430 78 19 toutes
628 1428 34 21 les
679 1434 71 21 gares
763 1428 43 22 des
815 1428 102 22 réseaux
932 1428 28 22 de
975 1423 75 33 l'État,
1065 1429 30 21 du
1109 1429 112 23 Nord.de
1235 1429 97 26 l'Ouest,
1344 1429 24 26 de
1383 1429 64 26 l'Est,
1457 1429 21 26 de
1495 1430 81 21 Paris-

212 1462 251 27 Lyon-Méditerranée,
478 1462 122 21 d'Orléans
620 1465 22 17 et
651 1462 59 21 dans
724 1465 77 19 toutes
815 1463 34 21 les
864 1469 70 21 gares
953 1463 30 21 du
998 1462 55 22 Midi
1072 1463 89 21 situées
1184 1464 13 20 à
1215 1463 52 27 plus
1285 1462 29 21 de
1344 1463 38 21 150
1397 1462 136 21 kilomètres
1547 1463 29 20 de

212 1499 135 19 Lourdes.
363 1499 16 19 –
400 1497 76 21 Durée
491 1497 29 20 de
543 1497 93 21 validité
650 1497 105 21 variable
770 1499 95 19 suivant
878 1498 23 20 la
918 1498 116 27 longueur
1050 1499 28 20 du
1096 1503 129 22 parcours:
1241 1499 11 19 à
1262 1499 12 19 à
1286 1499 24 19 12
1323 1498 74 26 jours,
1411 1502 47 16 non
1472 1499 104 25 compris

211 1531 21 20 le
244 1531 53 25 jour
309 1531 29 21 de
357 1532 88 25 départ.
498 1531 131 22 Réduction
643 1532 29 21 de
684 1531 26 22 20
719 1533 14 20 à
741 1532 26 22 40
778 1531 40 26 0/0
830 1533 95 21 suivant
935 1532 23 22 la
968 1532 80 21 classe
1057 1535 23 18 et
1094 1533 22 21 la
1130 1531 107 23 distance
1250 1537 132 22 parcourue
1397 1533 37 25 (3).

260 1609 92 21 AVIS.
407 1610 41 19 Un
468 1609 90 21 Livret
566 1609 120 27 indiquant
699 1615 29 15 en
742 1610 68 21 détail
821 1610 34 21 les
869 1610 134 21 conditions
1020 1610 59 21 dans
1093 1610 128 26 lesquelles
1239 1612 102 25 peuvent
1357 1611 48 20 être
1415 1610 112 21 effectués
1541 1609 35 22 les

211 1642 80 22 divers
306 1649 107 20 voyages
427 1643 175 26 d'excursions,
620 1644 29 21 de
666 1644 99 27 famille,
784 1648 53 22 etc.,
855 1650 55 16 sera
929 1646 93 26 envoyé
1043 1646 164 26 gratuitement
1224 1646 14 20 à
1255 1648 63 18 toute
1336 1650 116 20 personne
1466 1645 39 25 qui
1523 1644 53 21 fera

211 1678 109 25 parvenir
335 1683 29 15 au
379 1678 96 21 Service
494 1678 150 21 commercial
662 1678 29 21 de
705 1679 22 20 la
742 1679 155 27 Compagnie,
909 1680 32 25 54,
961 1679 129 21 boulevard
1108 1679 158 26 Haussmann,
1282 1680 15 20 à
1310 1678 67 22 Paris
1393 1678 49 26 (IX1
1462 1678 112 26 arrond'),

210 1711 21 20 le
249 1714 105 18 montant
372 1712 28 20 de
418 1711 232 22 l'affranchissement
664 1712 31 20 du
711 1712 90 27 Livret,
816 1714 46 20 soit
876 1714 17 21 0
907 1714 30 20 fr.
956 1714 40 21 25.

341 1797 125 27 VENTE
488 1797 48 27 DE
565 1797 241 28 DOCUMENTS
835 1798 77 26 PAR
942 1799 43 26 LA
1009 1798 236 27 COMPAGNIE
1269 1798 49 27 DU
1346 1798 75 26 MIDI

262 1848 31 27 (a)
310 1848 43 21 .4
371 1848 104 21 Bureau
493 1848 168 26 commercial,
679 1848 16 20 à
719 1848 100 21 Paris.
867 1848 31 26 (b)
929 1848 70 21 Dans
1020 1850 80 19 toute*
1121 1848 32 21 les
1172 1848 183 27 Bibliothèques
1382 1848 40 21 des
1447 1854 12 21 g
1471 1854 48 21 ares
1540 1850 35 20 du

211 1883 88 21 réseau
317 1882 34 21 du
368 1882 73 21 Midi.

578 1921 53 21 il
632 1921 39 20 –
687 1921 33 21 De
734 1921 95 21 l'Océan
841 1927 28 15 au
883 1921 66 21 Gave
964 1920 313 22 d'Ossau.
1334 1922 61 24 0,50

440 1972 90 28 Pyrénées
578 1955 53 33 11
632 1955 38 20 –
686 1955 34 21 Du
736 1954 66 22 Gave
816 1955 102 21 d'Ossau
930 1955 15 20 à
959 1955 23 20 la
1000 1954 206 23 Garonne
1336 1956 60 24 0,50

460 1978 17 32 •
494 1978 17 32 J
528 1978 17 32 I
562 1978 52 32 III
631 1978 17 32 –
665 1978 34 32 De
716 1978 34 32 la
772 1988 111 22 Garonne
900 1991 14 19 à
932 1988 347 27 l'Ariège
1335 1991 60 25 0,50

580 1990 52 54 )
603 1990 29 20 Ill
721 1988 24 61 De
757 1988 24 61 la
793 1988 86 61 Garonne
884 1988 22 56 à
928 1988 154 56 fAriéne
1335 1991 60 59 0,50

578 2010 9 38 t
603 2025 34 19 iv
654 2025 17 19 –
687 2024 33 20 De
735 2024 101 25 l'Ariège
851 2025 14 19 a
879 2023 53 22 la
958 2023 320 22 Méditerranée
1335 2025 59 25 0,50

436 2062 85 22 Carnet
535 2062 29 21 de
578 2065 77 18 cartes
669 2062 103 27 postales
787 2062 116 20 illustrées
918 2067 41 15 sur
972 2062 34 20 les
1021 2062 258 26 Pyrénées
1335 2064 60 25 O.5O

210 2128 28 26 (1)
252 2127 88 21 Faculté
350 2129 26 19 de
386 2128 147 26 prolongation
544 2129 131 23 moyennant
684 2126 139 26 supplément
837 2127 27 19 de
879 2126 32 19 10
925 2126 51 25 0/0.

209 2161 28 26 lX
253 2162 122 25 Consulter,
386 2168 53 19 pour
451 2162 32 19 les
497 2161 86 25 détails,
599 2162 19 19 le
634 2161 54 20 tarif
701 2166 109 15 commun
826 2159 26 22 G.
868 2159 29 22 V.
907 2165 26 15 w
943 2160 45 21 106.

211 2196 28 27 (3)
249 2195 133 25 Consulter,
397 2201 58 22 pour
465 2195 36 22 les
511 2195 90 26 détails,
618 2195 21 20 le
653 2194 56 21 tarif
716 2200 111 15 commun
842 2194 26 21 G.
879 2194 28 20 V.
919 2198 23 16 n»
958 2194 42 21 102.
