1749 2481
680 123 296 30 PARIS-MONDAIN

251 258 1148 90 PARIS-MONDAIN

187 392 211 37 DIRECTION
425 404 46 25 ET
499 393 327 36 Administration
907 392 60 43 12,
999 403 86 26 rue
1113 392 212 37 Bassano
1355 393 91 44 (xvf

172 534 307 28 L'Administration
501 533 46 28 du
567 534 269 27 Paris-Mondain
858 543 18 18 a
899 534 171 28 l'honneur
1093 534 188 28 d'informer
1306 543 35 19 sa
1363 534 194 28 nombreuse

96 584 146 28 clientèle
256 593 72 28 que,
345 584 45 28 vu'
405 584 30 28 le
455 584 109 28 succès
585 584 159 28 croissant
765 584 55 28 des
844 588 103 25 cartes
970 584 39 29 de
1027 584 105 33 visite,
1159 584 60 29 elle
1238 584 88 28 vient
1345 584 209 38 d'organiser,

96 634 80 28 dans
195 643 49 20 ses
265 634 155 33 bureaux,
444 643 43 19 un
512 634 120 29 service
654 634 128 37 spécial,
803 644 85 28 pour
906 634 32 29 la
951 644 140 28 gravure
1105 639 32 24 et
1149 634 217 37 l'impression
1382 634 54 28 des
1451 638 104 26 cartes

95 683 39 29 de
155 684 94 29 visite
264 693 39 20 en
317 684 210 33 taille-douce,
543 694 41 18 au
599 684 74 37 prix
687 684 39 29 de
741 684 18 28 3
773 684 38 29 fr.
829 684 36 29 5o
879 684 29 29 le
923 688 81 26 cent.

171 747 77 28 Prix
264 747 119 37 spécial
396 756 59 28 par
469 748 173 36 quantités.

171 811 60 27 Les
252 810 153 28 Abonnés
419 810 44 28 du
485 813 362 31 PARIS-MONDAIN,
864 811 55 37 qui
933 810 166 29 voudront
1111 819 121 20 comme
1246 820 61 29 par
1322 811 28 28 le
1365 813 93 35 passé
1471 819 84 20 nous

97 861 139 28 honorer
249 861 40 27 de
302 861 71 27 leur
386 860 173 34 confiance,
576 869 136 19 saurons
726 862 56 36 gré
800 860 39 29 de
857 861 185 29 l'initiative
1060 861 89 38 prise
1165 870 61 29 par
1246 861 305 34 l'Administration,

94 920 84 29 pour
192 919 129 20 assurer
335 919 45 19 un
396 911 120 28 service
530 911 152 37 régulier,
699 911 65 28 vite
779 916 31 23 et
823 911 76 28 bien
914 911 68 29 fait.

169 974 98 28 Toute
283 983 158 28 personne
455 974 144 28 désirant
614 974 123 28 donner
755 984 63 19 une
840 974 214 29 distribution
1071 974 40 28 de
1129 979 104 23 cartes
1251 974 111 38 n'aura
1380 974 74 38 qu'à
1472 984 84 19 nous

94 1034 39 19 en
149 1023 154 29 informer
317 1028 32 23 et
363 1023 293 29 l'Administration
673 1029 115 23 mettra
801 1026 18 26 à
833 1034 34 19 sa
882 1025 194 38 disposition
1089 1025 30 28 le
1130 1026 296 33 Carnet-Mondain,
1438 1026 40 27 oîi
1490 1025 64 28 l'on

94 1084 122 28 pourra
228 1074 137 38 pointer,
382 1074 38 27 de
433 1073 185 39 préférence
632 1084 64 18 aux
711 1077 117 31 RUES,
844 1075 31 28 la
889 1075 75 28 liste
977 1075 56 28 des
1048 1074 111 29 visites
1174 1075 18 27 à
1206 1074 187 29 distribuer.

171 1136 183 29 Convaincu
369 1146 69 28 que,
455 1146 69 28 vous
539 1136 201 38 apprécierez
755 1137 28 28 le
799 1136 139 30 bénéfice
957 1147 61 28 que
1037 1147 81 19 vous
1137 1147 94 19 aurez
1245 1138 18 27 à
1278 1137 204 29 commander
1497 1147 58 20 vos

94 1185 111 30 visites
220 1187 18 28 à
252 1196 59 19 nos
325 1186 146 29 bureaux
485 1191 32 24 et
530 1186 39 30 de
584 1187 32 29 la
629 1187 129 29 célérité
773 1187 79 29 mise
866 1197 84 28 pour
971 1187 31 29 la
1023 1186 222 35 distribution,
1265 1197 81 20 vous
1366 1187 189 30 n'hésiterez

92 1247 59 28 pas
170 1238 19 27 à
205 1246 83 20 nous
306 1236 150 30 accorder
473 1242 92 25 votre
588 1237 161 29 confiance
768 1241 31 25 et
817 1238 18 27 à
852 1238 134 37 profiter
1009 1237 56 30 des
1088 1242 174 34 avantages
1284 1248 62 28 que
1368 1248 81 19 nous
1473 1235 85 32 vous

92 1287 135 30 offrons.

167 1351 61 29 Les
243 1350 79 29 frais
337 1351 39 28 de
390 1344 143 45 gravure
547 1353 30 27 et
589 1351 39 29 de
637 1351 137 38 planche
789 1356 73 25 sont
875 1352 18 28 à
907 1356 92 25 notre
1014 1351 127 39 charge.

166 1414 47 28 La
230 1414 126 28 Maison
375 1423 33 19 se
426 1414 116 38 charge
561 1415 88 27 aussi
671 1415 39 27 de
731 1414 116 29 l'envoi
875 1416 56 27 des
955 1416 111 28 lettres
1088 1416 39 28 de
1148 1415 81 28 faire
1248 1419 73 33 part
1339 1415 39 28 de
1397 1415 154 37 Mariage,

92 1463 184 35 Naissance,
293 1464 108 34 Décès,
419 1464 75 28 Bals
509 1468 31 25 et
554 1464 134 29 Soirées.

670 1568 307 36 TARIF

175 1644 89 29 Prix
291 1643 146 37 unique
466 1650 72 30 par
569 1642 80 30 100
675 1641 128 31 lettres
879 1641 49 30 10
949 1641 150 37 francs,
1122 1649 29 28 y
1174 1643 194 34 compris
1392 1642 41 28 la
1456 1649 99 22 sus-

94 1695 201 35 eription,
318 1696 41 27 le
385 1695 154 36 pliage,
562 1695 39 27 le
630 1694 219 35 timbrage
873 1695 43 27 et
944 1693 42 29 la
1016 1693 114 28 mise
1158 1700 109 21 sous
1296 1694 256 35 enveloppe.

93 1746 137 28 -Les
252 1745 214 29 fractions
490 1750 105 24 sont
616 1743 291 36 décomptées.

731 1791 195 17 1

286 1851 245 28 CONFECTION
554 1852 50 26 DE
626 1851 256 27 MANUSCRITS
907 1851 25 27 –
956 1850 135 27 LIVRES
1113 1850 238 27 D'ADRESSES

582 1953 121 29 PRIX
734 1952 32 29 A
800 1952 261 29 CONVENIR

173 2055 85 29 Pour
272 2054 124 30 donner
410 2052 200 31 satisfaction
624 2052 18 29 à
655 2061 60 20 nos
728 2052 180 28 nombreux
923 2052 153 34 abonnés,
1095 2060 84 20 nous
1197 2060 100 19 avons
1312 2051 109 28 décidé
1435 2051 121 37 d'orga-

97 2101 100 34 niser,
212 2101 81 28 dans
306 2110 60 19 nos
379 2101 146 29 bureaux
540 2101 95 36 (pour
649 2099 30 28 le
696 2103 37 24 i"
748 2098 180 38 décembre)
941 2108 46 19 un
1001 2098 104 38 grand
1119 2097 95 29 choix
1233 2097 38 29 de
1291 2100 162 26 CARTES
1468 2100 89 26 POS-

99 2150 135 26 TALES
258 2143 263 32 ILLUSTRÉES.
539 2147 87 28 Pour
639 2150 72 24 tous
726 2145 283 38 renseignements,

246 2199 181 31 S'adresser
449 2198 18 32 à
490 2199 40 31 M.
555 2200 36 29 A.
617 2197 278 36 SAINT-MARTIN,
920 2196 51 40 12,
994 2203 59 24 rue
1077 2197 39 31 de
1143 2197 137 31 Bassano
1303 2196 106 40 (XVIe)
