1749 2481
1130 69 248 42 Georges-Bizet
1409 67 87 45 (rue)

409 75 205 39 Gay-Lussac
634 73 87 42 (rue)

370 169 270 27 GAY-LUSSAC
656 168 80 35 (rue)

220 223 31 22 Va
261 223 52 21 Arr.
326 220 210 28 (Val-de-Grâee).
550 220 28 28 «-
588 220 66 22 Boul.
666 219 172 28 Saint-Michel,
849 220 32 21 65.

409 256 51 21 Rue
471 256 42 21 des
523 256 176 24 Feuillantines,
708 256 21 20 2.

279 291 110 22 Paroisse
427 289 394 27 Saint-Jaeques-du-Haut-Pas.

192 362 28 21 28
247 362 32 21 M.
290 364 23 19 et
322 361 50 21 M»"
384 361 89 21 Gaston
485 359 158 22 DARBOUX.

194 397 27 21 30
246 396 32 22 M.
293 398 24 19 et
331 396 50 21 M-
396 394 72 23 Louis
482 393 163 23 MALIBRAN
659 393 20 22 Y
696 393 178 23 SANTIBANEZ

272 430 197 22 Ernest-Serret.

284 520 390 33 GÉNÉRAL-APPERT
690 524 68 34 (rue
774 524 54 34 du)

215 583 66 21 XVI"
291 583 51 20 Arr.
355 581 251 28 (Porte-Daaphine).
620 581 29 28 4-
660 581 52 21 Rue
729 580 115 28 Spontini,
859 580 32 23 46.

407 621 25 18 ->
447 617 67 20 Boul.
534 616 118 26 Flandrin,
661 616 33 21 58.

384 652 110 21 Paroisse
530 651 197 22 Saint-Honoré.

208 727 15 20 3
250 726 37 22 C"
302 728 22 19 et
335 727 65 21 C1""
412 732 31 14 DE
455 725 151 22 BEAUMONT
659 725 118 21 Trédern.

250 761 41 22 M"
306 763 23 19 et
346 760 51 22 M>"
417 767 32 15 DE
469 759 326 24 CLERMONT-TONNERRE
853 759 62 22 Gra-

277 800 79 19 mont.

251 831 50 21 M–
315 832 28 20 A.
357 824 146 29 CRÉMIEU.

252 865 67 22 P"«"
330 865 98 23 Etienne
440 865 144 23 GALITZINE
628 865 124 21 Benedite.

251 901 38 20 P«
300 900 66 21 Marc
381 900 171 22 GALITZINE.

251 935 32 22 M.
293 935 104 28 Jacques
412 941 31 15 DE
455 935 40 21 LA
504 929 232 27 LOMBARDIÈRE.

252 970 31 21 M.
294 973 23 18 et
328 970 49 22 M"e
389 970 63 21 Emile
464 970 25 21 J.
505 975 31 15 DE
551 969 133 22 MALMANN
733 968 109 28 Liebieg.

253 1005 42 21 M"
311 1006 23 19 et
348 1005 51 20 Mi"
416 1011 31 14 DE
461 1003 215 23 MONTAIGNAC.

211 1040 14 22 8
252 1040 33 21 M.
295 1043 23 18 et
327 1039 50 22 M™
396 1040 92 20 Marino
498 1039 175 22 VAGLIANO.

203 1075 24 21 18
253 1075 33 21 M.
297 1076 23 19 et
330 1074 49 22 M»'
391 1075 94 21 Gabriel
499 1074 142 21 FERRIER.

201 1109 26 22 20
253 1109 53 21 M»«
320 1115 32 15 DE
365 1109 93 22 VIARIS
503 1109 171 26 Angamarre.

571 1144 55 26 [Les
640 1143 32 27 10,
686 1143 26 21 20
726 1145 23 19 et
762 1143 26 21 30
802 1142 30 21 du
847 1141 70 26 mois)

201 1180 26 21 24
255 1179 31 21 M.
296 1180 60 21 Jean
365 1179 66 22 VAN
443 1179 108 22 BEERS.

334 1269 302 35 GÉNÉRAL-FOY
652 1276 68 33 (rue
735 1274 55 34 du)

230 1328 65 22 VIII*
306 1328 53 21 Arr.
371 1327 168 26 (Madeleine).
549 1331 25 18 «-
585 1327 51 20 Rue
647 1326 28 20 de
685 1326 22 21 la
718 1325 175 25 Bienfaisance,

353 1363 66 21 16-18,
430 1365 26 19 ->•
468 1363 51 20 Rue
530 1362 28 20 de
570 1361 124 22 Monceau.
704 1360 68 21 86-88.

379 1395 108 21 Paroisse
524 1394 221 27 Saint-Auguitin.

216 1464 11 19 1
258 1462 43 20 B-
314 1461 108 22 DUVAL
437 1466 32 15 DE
484 1460 163 21 FRAVILLE.

256 1495 31 22 M.
302 1495 79 27 Roger
394 1495 108 21 DUVAL
517 1500 33 15 DE
564 1494 48 21 FKA
628 1494 96 21 VILLE.

256 1530 68 21 Cet
338 1530 67 22 C"
420 1529 23 22 S
460 1534 46 16 DES
519 1528 120 21 ISNARDS
690 1529 72 21 Char
780 1529 36 21 me
803 1531 14 17 t.

257 1564 49 22 M–
322 1571 32 15 DE
367 1557 99 28 VÉSIAN
515 1564 119 21 Dumont.

257 1600 31 21 M.
304 1599 89 22 Marcel
408 1604 32 16 DE
453 1593 123 28 VÉSIAN.

258 1636 29 20 D'
302 1634 102 21 Melville
416 1632 236 23 WASSERMANN.

215 1671 15 21 3
257 1670 30 21 M.
299 1672 23 18 et
332 1669 50 21 M-
392 1668 74 22 Louis
476 1667 191 23 MOREL-FATIO
714 1667 95 22 Dollez.

217 1705 14 21 4
257 1705 51 21 M»*
323 1705 82 21 Alfred
421 1697 130 28 BRÉMARD
607 1702 177 28 Champlieux.

259 1739 29 20 M.
307 1738 80 21 Pierre
398 1738 161 21 RREMARD.

257 1773 51 21 M»*
318 1773 62 21 P.-L.
392 1779 32 15 DE
435 1772 134 22 IIORRACK
619 1772 85 26 Mayo.

260 1808 30 21 M.
302 1808 89 20 Lucien
402 1807 152 21 LECOMTE.

218 1844 15 20 5
260 1841 30 21 M.
303 1843 22 19 et
336 1840 50 22 M">*
395 1841 94 21 Franck
499 1840 156 22 GLAENZER.

261 1877 36 21 Ci.
313 1878 23 18 et
350 1876 66 21 C1"–
429 1875 60 21 Jean
503 1882 32 14 ut:
549 1875 117 22 POLIGNY
720 1874 75 22 Virel.

220 1914 14 21 6
261 1912 50 21 M»*
321 1910 108 28 Adolphe
441 1910 114 21 GUILLOT
602 1909 134 27 Deligand.

221 1948 13 21 8
261 1946 31 21 M.
305 1945 99 22 Charles
416 1945 104 22 DAVID.

261 1981 30 21 M.
302 1983 23 18 et
335 1980 50 21 M»"
395 1979 105 21 Maurice
511 1972 94 28 PÉRIAC
653 1979 91 21 Arnal.

261 2017 31 21 M.
304 2018 23 19 et
338 2016 49 21 M»*
397 2015 28 21 A.
438 2014 159 22 SURMONT.

209 2053 26 20 14
261 2048 52 24 M»*
330 2048 34 24 A.
381 2048 539 24 DEFROIDEFONDDEsFARGES:eauime.

261 2086 45 21 M™"
321 2086 30 21 de
364 2083 127 23 HEACLME
541 2083 38 20 La
590 2083 83 21 Serre.

209 2122 25 21 16
262 2121 51 20 M»"
322 2120 124 27 Alphonse
460 2117 121 22 JOURNET
628 2117 72 23 Noël.

262 2154 30 22 M.
305 2154 109 21 Frédéric
423 2152 135 22 MALLET.

263 2189 38 22 C"
315 2191 24 19 et
354 2189 66 21 C»1"
435 2187 73 21 Henri
523 2192 30 15 DE
565 2186 166 22 PREISSAC
746 2187 99 22 Mallet.

261 2224 39 21 C"
311 2226 22 18 et
342 2224 107 21 C'de
460 2221 320 23 MARVE1LLE-PREISSAC
829 2223 97 22 Mallet-

1173 165 189 24 GÉNÉRAL-FOY
1382 163 86 31 [suite)

962 218 25 21 19
1014 217 37 22 C*
1062 220 23 18 et
1095 217 67 21 (>•̃•
1173 223 32 15 DE
1215 217 112 21 PARTZ:
1339 216 94 22 Caruël
1442 215 29 21 de
1481 213 200 23 Saint-Martin.

1014 252 37 21 0"
1067 255 23 18 et
1103 252 68 21 C1""
1186 252 72 21 Louis
1273 258 32 15 DE
1319 250 139 23 SAVIGNAC
1509 249 100 21 Briche.

962 288 24 20 21
1015 287 31 20 M.
1058 289 23 19 et
1091 287 50 21 M"
1156 287 71 21 Henri
1243 280 100 28 GUÉRIN
1390 286 34 21 Le
1439 286 81 27 Guay.

1014 321 31 20 M.
1061 324 23 18 et
1098 321 50 20 M»«
1168 321 107 27 Adolphe
1294 320 83 22 LACAN
1429 318 156 29 Vergniaud.
1605 318 75 27 [Ven-

1606 348 75 27 dredi]

964 387 25 20 22
1017 386 70 22 B-et
1094 387 63 20 B"~
1164 386 25 22 C.
1197 393 31 14 de
1235 386 122 22 BARANTE
1400 386 34 21 Le
1442 386 96 21 Bertre.
1546 383 134 29 [Mercredi]

1016 420 43 21 B"
1073 421 104 26 Prosper
1191 427 32 16 DE
1238 420 155 23 BARANTE.

1017 452 42 20 B™
1074 452 108 26 Georges
1198 458 31 14 de
1240 450 156 23 BARANTE.

1018 486 37 21 O
1066 488 23 19 et
1103 486 67 21 C'–"
1186 487 79 26 Roger
1279 484 247 23 CHENU-LAFFITTE
1578 483 78 22 Péan.

1018 521 31 20 M.
1061 521 105 21 Maurice
1177 520 154 22 GUKFROY.

965 556 26 21 24
1017 555 31 21 M.
1060 558 23 19 et
1092 555 50 21 M»>
1153 555 107 27 Georges
1271 561 32 16 DE
1314 550 124 29 BAËCQUE
1489 553 77 22 Vilin.
1590 552 93 28 (Mardi]

1018 590 31 20 M.
1065 593 23 19 et
1099 590 50 21 M™
1166 590 107 27 Georges
1289 589 142 23 DORMEUIL
1482 588 203 22 Outhenin-Cha-

1045 625 97 22 landre.
1592 623 93 27 [Mardi]

1018 659 52 22 M»»
1080 660 94 22 Gabriel
1184 659 153 23 RAFFARD.

966 694 32 27 25
1014 694 32 27 M.
1062 694 32 27 et
1110 694 32 27 M"
1158 694 32 27 A.
1206 694 130 27 DELORME:
1352 694 146 27 Kindberg.

1019 730 32 20 M.
1067 730 73 20 Henri
1155 729 156 22 DELORME.

1020 763 32 22 M.
1061 768 23 18 et
1097 764 51 22 M»'
1164 763 59 23 Paul
1238 763 171 24 MACHELARD
1469 762 112 28 Biollay.
1603 762 84 26 [Lundi

1018 820 129 21 M-André
1563 795 11 19 4
1590 793 95 26 heures)

1018 820 32 21 M.
1067 820 80 21 André
1157 820 195 22 MACHELART)

1020 856 32 20 D'
1061 856 83 21 Alfred
1153 855 130 22 MARTIN.

1021 891 32 20 M.
1067 891 106 21 Maurice
1184 890 138 23 BRISSET.

968 926 26 21 35
1020 925 31 21 M.
1068 926 106 21 Maurice
1186 925 174 22 HACHETTE.

1020 961 33 20 M.
1069 964 23 18 et
1105 961 50 20 M»-
1171 961 72 20 Henri
1254 960 109 21 MARRET
1411 960 128 26 d'Astorg,

1021 995 32 21 M.
1065 998 23 19 et
1097 995 51 21 M»«
1163 995 105 22 Gustave
1283 995 87 21 RENDU
1423 994 108 23 Gadola.

969 1030 25 21 37
1022 1030 44 20 B°»
1084 1029 117 22 NOURY.

970 1066 25 20 39
1023 1065 38 21 C"
1070 1065 67 21 Félix
1152 1071 32 15 DE
1194 1064 126 23 CHAMPS
1329 1071 30 14 DE
1370 1056 211 30 SAINT-LÉGER.

1023 1101 44 20 H"»
1080 1102 23 19 et
1118 1100 64 20 B"»«
1197 1105 31 16 DE
1243 1099 196 22 DAMMARTIN.

1023 1134 30 20 M.
1070 1137 24 17 et
1104 1134 50 20 M"»
1165 1134 83 21 Alfred
1260 1133 120 21 LEMOINE
1424 1132 93 22 Adam.

971 1169 26 20 40
1024 1168 31 21 M.
1067 1172 23 17 et
1099 1168 50 21 M–
1161 1168 72 21 Henri
1244 1163 155 26 BAIGNÈRES
1447 1165 94 29 Boilay.
1554 1165 135 29 [Vendredi]

972 1204 25 20 42
1023 1203 51 20 M»*
1084 1202 229 22 VANDERHEYM.

1024 1237 31 21 M.
1069 1238 89 21 Gaston
1168 1236 230 23 VANDERHEYM.

972 1274 26 20 46
1024 1272 51 21 M»'
1086 1279 33 14 DE
1129 1272 201 22 BOISDEFFRE.
1596 1270 94 27 [Mardi]

1023 1307 43 21 M"
1094 1310 23 18 et
1143 1307 53 20 M'"
1224 1312 31 15 DE
1279 1306 203 22 CASTELLANE
1507 1305 146 22 MAJASTRE

1050 1341 107 23 Simard
1171 1341 29 23 de
1214 1341 99 28 Pitray.

1025 1377 69 20 C1"–
1118 1383 31 14 DE
1173 1376 134 22 L'EGLISE
1331 1382 31 14 DE
1381 1375 134 22 FERRIER
1533 1382 32 14 DE
1583 1367 77 29 FÉLIX

1050 1412 95 22 Adam.

1026 1446 38 23 O
1086 1447 103 26 Jacques
1215 1452 32 15 DE
1276 1445 135 23 L'EGLISE
1435 1451 32 16 DE
1495 1444 137 22 FERRIER
1661 1450 33 15 DE

1054 1474 98 29 FÉLIX.

1027 1516 102 22 Général
1144 1516 37 22 C'1
1192 1519 22 18 et
1225 1516 66 22 C1""
1305 1521 32 15 DE
1352 1515 96 22 PITRAY
1498 1514 132 28 Flavigny.

1027 1551 39 21 G>*
1080 1554 23 19 et
1113 1551 67 22 C""«
1191 1550 113 25 François
1319 1556 32 16 DE
1365 1549 97 22 PITRAY
1510 1549 113 22 Yoersen.

1028 1586 38 21 O
1079 1586 102 21 Antoine
1196 1592 31 15 DE
1239 1585 120 21 l'ITRAY.

1027 1621 38 21 C"
1075 1621 26 21 E.
1113 1626 32 15 diî
1155 1620 134 22 VORGES.

976 1656 25 22 48
1027 1655 31 22 M.
1081 1657 23 20 et
1126 1655 50 21 M»»
1201 1655 72 21 Louis
1294 1653 148 23 LEGENDRE
1500 1653 195 22 Dombrowska.

1372 1687 84 26 [Mardi
1467 1687 28 20 de
1501 1687 54 26 juin
1566 1689 14 19 à
1588 1686 106 27 octobre]

976 1727 26 21 50
1028 1726 32 21 M.
1074 1725 84 21 Alfred
1174 1722 228 24 CHARPENTIER.

1125 1822 328 28 GEORGES-BIZET
1469 1821 80 35 (rue)

1038 1874 64 22 XVI«
1113 1874 52 20 Arr.
1176 1872 142 28 (Chaillot).
1330 1876 25 19 4-
1364 1872 97 21 Avenue
1471 1872 121 28 Marceau,
1602 1873 33 21 19.

1203 1912 25 18 ->
1239 1908 97 20 Avenue
1347 1907 84 27 d'Iéna,
1440 1908 32 21 56.

1091 1941 108 23 Paroisse
1241 1941 343 23 Saint-Pierre-de-Chaillot.

1004 2016 14 21 6
1032 2016 28 21 M.
1072 2016 106 21 Maurice
1189 2020 32 16 DE
1231 2008 108 28 GASTÉ.

1032 2050 38 22 C"
1085 2049 128 23 DALMAS
1229 2055 32 15 DE
1276 2043 191 29 LAPÉROUSE.

1033 2084 38 21 V"
1098 2087 24 18 et
1149 2084 71 20 V«>"
1243 2084 25 21 L.
1289 2084 127 22 DALMAS
1438 2091 32 15 DE
1490 2078 171 29 LAPÉPOUSE

1056 2119 343 23 Saint-liené-Taillandier.

981 2155 24 21 18
1031 2153 33 23 M.
1079 2156 23 19 et
1116 2153 50 22 M»*
1180 2155 28 20 A.
1226 2153 147 23 GUYBERT
1388 2160 32 16 DE
1440 2154 39 22 LA
1495 2153 204 24 BEAUSSERIE.

1604 2187 94 28 [Mardi]

1031 2223 40 21 yt.
1087 2227 23 18 et
1123 2224 71 20 V'
1209 2229 33 16 DU
1258 2223 191 23 PONTAVICE:
1466 2224 123 22 Grollier.
