1749 2481
1182 82 159 32 MONACO

789 86 159 31 MONACO

399 88 159 30 MONACO

566 209 255 59 MONACO
862 215 241 51 (Principauté
1131 213 58 50 de)

731 1400 281 23 MONTE-CARLO

510 1491 373 29 TOPOGRAPHIE
914 1491 64 28 DE
1009 1491 216 29 MONACO

179 1617 37 24 La
230 1616 165 32 principauté
412 1617 31 24 de
462 1617 123 27 Monaco,
601 1619 40 20 est
656 1615 96 24 station
766 1614 148 25 hicernale
928 1621 47 24 par
990 1615 187 28 Monte-Carlo,
1197 1617 24 21 et
1242 1615 94 28 station
1357 1616 30 23 de
1407 1615 79 24 bains
1505 1615 33 25 de
1553 1623 67 22 mer,

120 1663 50 24 par
183 1657 25 23 la
226 1656 169 24 Condamine.
412 1656 56 24 Elle
483 1658 38 21 est
535 1655 121 24 enclavée
670 1654 67 24 dans
752 1654 23 23 le
790 1654 181 31 département
987 1653 47 24 des
1055 1653 258 32 Alpes-Maritimes,
1335 1657 23 22 et
1377 1655 81 24 située
1478 1662 111 24 presque
1606 1655 15 24 à

120 1695 75 30 égale
208 1695 118 25 distance
341 1696 31 24 de
387 1695 66 25 Nice
467 1698 24 21 et
506 1695 31 23 de
553 1695 116 23 Menton.

182 1748 37 24 La
232 1748 62 24 ville
307 1748 32 23 de
353 1748 125 28 Monaco,
494 1747 112 31 capitale
620 1747 31 23 de
665 1747 27 23 la
706 1746 165 32 principauté
887 1745 217 30 (administrative
1118 1749 24 21 et
1156 1746 164 31 historique),
1336 1749 38 22 est
1389 1746 68 25 bâtie
1468 1754 34 17 au
1512 1749 113 22 sommet

121 1787 61 23 d'un
197 1787 95 23 rocher
304 1786 45 31 qui
368 1794 28 16 se
413 1787 128 31 prolonge
555 1786 31 24 de
600 1786 46 23 800
660 1786 95 23 mètres
775 1785 66 24 dans
857 1785 25 24 la
902 1792 63 22 mer,
981 1788 25 21 et
1020 1788 39 21 est
1073 1785 62 24 relié
1149 1786 16 23 à
1181 1786 25 23 la
1221 1786 170 28 Condamine,
1411 1793 48 24 par
1476 1794 37 16 un
1528 1786 96 24 isthme

121 1825 31 23 de
166 1826 45 23 300
225 1826 95 23 mètres
337 1826 32 23 de
388 1826 115 30 largeur.
525 1826 53 23 Sur
592 1832 50 16 une
656 1827 76 21 autre
748 1827 113 21 terrasse
875 1824 131 24 rocheuse
1030 1825 97 23 s'itend
1146 1825 191 28 Monte-Carlo,
1353 1825 25 23 la
1398 1825 59 23 ville
1471 1825 46 23 des
1535 1825 88 23 étran-

121 1870 70 24 gers,
207 1864 35 24 du
257 1863 122 31 high-life
393 1866 23 21 et
430 1864 46 23 des
491 1863 185 24 distractions.

182 1915 42 23 On
239 1922 16 16 a
268 1914 92 29 épuisé
374 1914 101 31 l'éloge,
491 1922 35 16 au
541 1914 69 30 sujet
624 1914 31 23 de
670 1914 123 23 Monaco.
812 1914 15 23 •
842 1914 30 23 Le
888 1914 75 23 soleil
978 1913 113 24 africain
1105 1921 16 23 y
1134 1913 117 24 incruste
1266 1921 42 16 ses
1320 1914 108 28 baisers,
1443 1921 16 16 a
1468 1914 38 24 dit
1515 1914 110 24 l'auteur

120 1954 32 23 de
167 1954 25 23 la
208 1955 65 22 Côte
286 1953 91 29 d'Azur
426 1953 22 23 le
464 1954 94 29 figuier
572 1954 31 21 de
619 1954 128 22 Uarbaric
761 1960 42 16 ses
824 1959 126 23 raquette»
1001 1952 115 30 i'alm'ui
1137 1952 18 23 _v
1164 1952 56 23 "uuiit
1282 1952 81 30 parci!
1379 1952 15 24 a
1409 1959 34 17 un
1459 1955 108 28 sreptre,
1589 1960 34 16 un

121 1992 85 31 palais
221 1992 39 31 s'y
277 1992 105 31 appuie
431 1992 33 23 tel
479 1999 36 16 un
532 1992 84 28 trône,
632 1991 110 23 l'ombre
756 1991 78 23 d'une
847 1990 153 24 cathédrale
1014 1998 17 23 y
1047 1990 120 29 descend,
1186 1997 103 17 comme
1305 1998 51 18 une
1372 1991 153 30 protection.
1539 1993 23 22 A
1577 1999 48 16 son

122 2031 79 29 front,
217 2031 46 24 des
275 2031 110 31 cyprès;
404 2031 16 23 à
436 2038 42 16 ses
492 2030 83 32 pieds,
591 2030 26 24 la
631 2030 80 31 vague
727 2030 80 31 bleue
824 2029 55 31 qui,
900 2030 32 23 de
952 2032 73 21 toute
1043 2029 116 29 éternité,
1176 2029 37 24 les
1229 2030 93 30 frappe
1338 2037 33 16 ou
1388 2030 38 23 les
1444 2037 104 17 caresse
1563 2037 63 17 sans

124 2078 51 24 que
189 2070 168 29 l'insensible,
377 2071 34 23 du
428 2070 65 24 haut
510 2070 31 24 de
555 2076 30 18 sa
606 2069 140 31 grandeur,
770 2076 32 16 en
821 2069 121 31 paraisse
956 2076 36 17 un
1014 2068 98 24 instant
1126 2069 87 23 émue.
1233 2068 79 24 Voilà
1330 2069 122 29 Monaco,
1473 2069 108 31 antique
1603 2072 24 21 et

125 2112 120 30 toujours
259 2110 104 25 vivante
377 2110 88 31 image
479 2110 31 23 de
525 2109 25 24 la
564 2110 142 31 puissance
722 2108 164 29 souveraine,
902 2108 114 24 dévouée
1030 2108 16 23 à
1060 2115 43 17 ses
1119 2109 113 30 princes,
1249 2108 75 24 fidèle
1337 2108 16 24 à
1367 2116 48 17 son
1430 2108 75 25 Dieu.
1523 2119 12 12 »

187 2163 69 23 Tout
270 2163 120 30 étranger
405 2162 44 31 qui
464 2164 61 22 veut
537 2161 137 31 séjourner
688 2161 66 24 dans
769 2161 26 23 la
811 2160 167 32 principauté
1005 2163 39 21 est
1058 2163 60 22 tenu
1132 2161 31 23 de
1178 2168 28 16 se
1221 2161 133 30 présenter
1368 2161 65 24 dans
1448 2161 26 24 la
1487 2161 140 30 quinzaine

126 2208 34 17 au
175 2201 198 24 commissariat
390 2202 30 23 de
435 2209 30 16 sa
481 2200 229 31 circonscription,
725 2203 24 21 et
763 2200 43 31 d'y
821 2200 140 24 demander
977 2207 36 17 un
1028 2200 100 31 permis
1142 2200 32 24 de
1189 2200 89 30 séjour
1297 2200 67 30 (coût
1378 2201 29 23 50
1421 2200 144 30 centimes).
