1749 2481
1148 118 185 41 Meyerbeer
1350 116 88 43 (rue)

356 125 133 32 Messine
508 124 137 42 (avenue
664 122 54 42 de)

430 225 111 17 MESSINE
557 217 82 30 [suite)

199 271 13 20 2
238 270 31 21 M.
281 272 23 19 et
312 269 50 21 M–
377 269 72 21 Emile
463 268 103 22 NAVERS
614 267 124 28 Lefebvre.

238 304 70 20 V»«"
319 310 31 15 DE
362 302 268 23 SANTA-VICTORIA.
806 300 83 27 [Jeudi]

201 339 13 21 3
241 338 48 21 M–
304 338 160 22 LAUSSEDAT
513 336 84 22 Bruel.

200 374 13 20 4
238 373 48 21 W"
297 372 150 26 KAUQUET.

238 406 49 22 M»-
303 406 33 22 W.
355 406 85 22 HUBER
490 404 290 22 Palésieux-Faleonnet.

200 442 13 20 5
240 441 48 20 M»"
299 439 227 24 CIIAMPOISEAU.
805 436 84 27 [Jeudi]

238 474 30 22 M.
280 476 22 19 et
311 474 50 21 M»»
370 474 28 21 A.
411 471 270 23 GILBERT-BOUCHER
728 470 137 22 Lehideux.

239 509 50 20 M»«
303 508 86 22 Michel
403 507 97 22 H1RSCH
544 507 109 22 Rheims.
739 505 83 28 [Mardi
832 505 13 20 4
858 503 31 28 h.]

238 543 49 21 M»'
302 541 123 23 Bénédict
440 541 107 23 RHEIMS.

203 579 13 20 6
242 577 29 22 M.
283 579 22 19 et
315 577 49 21 M–
375 576 104 26 Georges
489 576 123 21 BIGNON.
799 574 90 26 [Lundi]

241 611 31 22 M.
283 614 22 18 et
316 610 48 21 M»«
373 611 87 21 Robert
468 610 160 22 ELLISSEN:
638 610 72 21 Berr.

244 645 29 22 M.
289 645 81 22 Albert
384 645 152 22 ELLISSEN.

243 679 29 21 M.
283 679 88 21 Robert
383 679 168 21 HENNESSY.

241 714 45 20 M""
301 714 30 20 de
343 712 180 21 MAILI.EFER.

204 749 11 19 7
242 748 30 20 M.
284 750 23 18 et
317 747 49 20 M"
376 748 85 19 Adrien
471 746 175 22 CHEVALLIER
699 744 88 23 Collot.

205 782 13 20 9
246 782 29 20 M.
285 781 65 21 Jules
361 781 105 21 GOURY
478 787 32 15 nu
520 780 130 21 ROSLAN.

243 816 49 20 W"
302 815 65 21 Félix
377 814 312 22 NOUETTE-DELORME:
700 812 150 22 Decaucille.

243 850 30 20 M.
284 851 23 18 et
316 849 50 20 M">"
376 849 63 20 Léon
450 848 30 21 TH
495 848 92 21 ELIER.

192 883 24 21 10
243 883 31 20 M.
289 885 23 18 et
327 883 48 20 M»«
385 883 95 20 Etienne
490 882 208 21 BOUTEILLER:
707 881 96 20 Delbai.

244 917 49 20 M™»
308 917 105 26 Georges
428 916 124 21 GENREAU
599 915 257 27 Daaid-Desehamps.

244 950 30 21 M.
291 953 22 18 et
326 950 50 21 M»»
389 950 57 21 Paul
461 950 121 21 LENGLET
629 950 83 27 Balny
728 949 166 21 d'Avricowt.

244 984 31 21 M.
286 984 80 27 Roger
377 984 160 21 LUZARCHE
549 984 111 21 D'AZAY.

244 1018 40 20 V"
299 1019 64 20 Yves
378 1024 30 15 DE
422 1017 244 22 MONTGERMONT.

245 1052 37 22 Ci-
292 1055 22 18 et
323 1052 65 21 C<«"«
399 1052 157 21 TREILIIARD
600 1051 147 27 Horteloup.

194 1088 24 20 14
245 1086 31 21 M.
287 1089 23 18 et
319 1087 50 20 M-
380 1087 104 25 Georges
494 1086 250 21 ARNAUD-JEANTI.

247 1121 29 21 M.
287 1124 23 18 et
319 1121 49 21 M"
380 1121 96 21 Charles
487 1119 233 23 PIET-LATAUDRIE
767 1119 60 27 Goy.

193 1160 25 21 •18
246 1159 66 22 C"–
326 1159 40 22 D™
376 1158 161 23 d'AUBIGNY
551 1157 172 23 d'ESMYARDS
770 1157 99 27 Goupil.

244 1194 30 21 M.
291 1194 96 22 Charles
401 1193 36 21 LE
447 1193 135 21 THIERRY
595 1192 213 25 d'HENNEQUIN.

195 1228 25 21 16
247 1227 37 21 P"
299 1231 21 18 et
331 1227 65 22 ?̃••••
406 1228 100 25 Jacques
518 1234 30 14 dk
563 1226 116 22 BROGLIE
724 1226 27 21 de
764 1226 133 26 Wagram.

196 1263 23 20 n
248 1259 308 24 m««deboisdhyyer.

247 1295 48 21 M-
305 1296 26 20 E.
342 1299 45 17 DES
398 1290 125 26 FORÊTS.

246 1329 30 21 M.
287 1329 64 21 René
363 1334 45 15 DES
419 1323 125 27 FORÊTS.

247 1363 29 21 M.
288 1365 22 19 et
320 1363 48 21 M™
381 1362 115 22 SICFAIT
506 1368 31 15 DE
547 1361 181 23 MONCOURT.

195 1397 24 21 18
246 1396 30 21 M.
287 1400 23 17 et
319 1397 50 20 M-
378 1397 57 20 Jean
447 1396 122 21 BRUNHES
615 1396 111 21 Hoskier
735 1396 97 25 (p.-à-t.).

248 1431 35 20 C"
306 1433 23 18 et
350 1430 65 21 C«"'«
433 1430 70 21 Henri
526 1428 336 23 d'ESCAYRAC-LA-UTURE

275 1465 107 20 Veneau.

249 1498 40 21 Bo»
299 1502 22 17 et
332 1499 62 20 H""
405 1499 57 25 Eug.
474 1504 31 15 de
515 1498 162 21 GALEMBERT
730 1497 116 21 Hoskier.

249 1533 29 20 M.
289 1526 73 26 Emile
373 1533 142 21 HOSKIER.

248 1567 30 20 M.
289 1570 23 17 et
320 1567 49 20 M""
382 1567 102 21 Ludovic
494 1567 105 21 VENEAU
645 1567 153 21 Soultzener.
814 1566 84 26 [Jeudi]

197 1606 24 20 19
247 1604 45 23 M»-
307 1604 75 23 Alex.
397 1604 362 23 DEGOSSELLIN:iî«;A«mo«i!.
806 1604 92 27 [Mardi]

248 1639 29 21 M.
288 1642 22 18 et
320 1639 48 21 M™
380 1639 96 22 Maurice
489 1639 27 22 DE
528 1639 177 23 GOSSELLIN:
713 1638 185 22 -.Sainte-Marie.

272 1673 155 27 d'Agneaux.

197 1710 24 22 23
248 1711 30 20 M.
289 1715 22 17 et
320 1711 50 21 M»'
381 1712 70 20 Louis
465 1712 68 21 ADAM
578 1711 106 21 Pierret.

248 1745 30 20 M.
289 1748 23 17 et
324 1745 50 20 M™"
388 1745 105 26 Georges
503 1745 93 22 ADAM.

197 1783 25 20 23
233 1783 35 19 Ins
283 1782 30 20 M.
324 1785 23 18 et
357 1783 49 20 M™
419 1784 101 25 Jacques
531 1783 135 20 LEHIDEUX
716 1782 94 20 Simon.

198 1817 25 21 25
249 1817 29 19 M"
292 1817 29 19 et
335 1817 43 19 M"«
394 1822 31 14 DE
436 1810 284 28 PONTOÏ-PONTCARRÉ
766 1815 133 27 Hégéman.

198 1851 25 21 26
250 1850 30 20 M.
291 1852 22 18 et
326 1850 50 20 M°"
386 1850 27 21 G.
429 1856 31 14 DE
475 1850 39 20 LA
523 1850 160 21 FONTAINE.

249 1884 31 20 M.
291 1885 23 19 et
324 1884 49 20 M°»
383 1884 78 20 André
471 1884 115 20 TARDIEU
632 1884 66 20 Mot.

198 1919 24 20 27
250 1918 30 20 M.
292 1917 93 27 Edgard
397 1918 103 21 PASSY.

249 1951 31 21 M.
292 1951 87 21 Robert
389 1951 105 22 PASSY.

249 1985 32 21 M.
292 1985 104 21 Maurice
408 1985 105 22 PASSY.

198 2025 25 21 28
250 2023 31 21 M.
297 2026 22 18 et
333 2024 49 20 M""
398 2019 121 26 DESPRÈS
571 2024 128 27 Levesque.

249 2057 40 21 V*
303 2060 23 17 et
339 2057 69 21 V1""
424 2057 63 21 René
499 2064 31 15 DE
545 2057 149 22 GUILLER:
710 2057 127 26 Levetque.

249 2091 50 21 M»»
310 2091 105 21 Armand
426 2091 144 22 IIAMELIN.

250 2125 31 21 M.
293 2128 22 18 et
325 2126 49 20 M~"
384 2125 73 22 Emile
468 2125 119 22 IIAMELIN
629 2125 33 21 Le
671 2125 75 27 Play.

251 2159 30 21 M.
292 2162 23 18 et
325 2159 48 21 M°"
385 2160 113 21 Donatien
510 2159 139 25 LEVESQUE
695 2159 125 22 Hamelin.

199 2194 26 21 29
251 2193 31 21 M.
293 2193 79 22 Albert
388 2194 140 21 PARISOT.

199 2228 27 21 30
251 2227 30 21 M.
294 2230 22 18 et
326 2228 49 21 M-
384 2228 102 26 Jacques
497 2222 77 28 BÉJOT
613 2228 109 22 Bédoile.

1171 217 116 18 MESSINE
1304 211 88 30 (suite)

942 264 25 20 30
993 263 30 20 M.
1038 266 23 17 et
1074 263 50 20 M»»
1138 263 63 20 Léon
1215 261 175 22 CHADENET.

992 298 30 19 M.
1038 290 108 27 Édouard
1160 296 167 21 CHAMPION.

993 331 29 20 M.
1037 333 22 18 et
1072 331 49 20 M««
1136 331 79 20 Victor
1232 329 85 21 DURUY
1366 329 149 26 Fauqueux.
1551 327 94 27 (Mardi)

992 366 49 20 M"'
1056 365 96 21 Charles
1167 364 145 25 FAUQUEUX
1364 362 98 21 Hubert
1471 362 97 21 Delisle.

992 399 50 21 M»"
1057 399 105 26 Georges
1171 391 105 28 LAINÉ:
1286 398 118 26 Porquet.

993 433 31 20 M.
1034 433 106 20 Maurice
1150 426 99 27 LAINÉ.

994 467 48 21 M»«
1055 461 110 27 Édouard
1178 466 103 21 MALLET
1331 465 96 21 Mallet.

993 501 30 21 M.
1034 503 23 19 et
1070 500 49 21 M«»
1130 500 26 21 A.
1165 497 110 25 NIVIÈRE
1321 500 127 20 Marcotte
1464 499 29 20 de
1510 498 133 23 Quiviére».

993 535 30 21 M.
1034 535 102 27 Jacques
1147 530 132 26 NIVIÈRE.

994 569 29 22 M.
1034 571 23 19 et
1066 569 50 21 M–
1126 568 40 22 Ch.
1178 568 102 21 PETIT:
1291 567 234 23 lloland-Goaselin.
1534 567 113 26 [Samedi]

994 603 30 21 M.
1040 603 79 27 Roger
1132 602 96 22 PETIT.

994 637 29 22 M.
1036 637 115 22 Christian
1165 637 95 21 PETIT.

994 671 30 21 M.
1039 671 102 21 Richard
1153 671 95 21 PETIT.

995 705 30 22 M.
1037 708 25 18 et
1070 705 48 21 M–
1133 705 79 21 Albert
1221 705 59 22 RICH
1323 704 83 21 Gléon.

994 739 31 22 M.
1036 742 22 18 et
1066 740 50 20 M"
1127 739 26 21 A.
1165 738 252 22 SOULANGE-BODIN
1466 738 98 21 Baioin.

994 774 40 21 V
1045 777 23 18 et
1077 774 67 20 V>–»
1154 779 31 15 DE
1196 773 133 22 TRUCIIIS
1339 779 33 15 DE
1381 772 65 22 LAYS
1489 772 108 23 Nwière.

945 809 25 20 34
996 807 29 22 M.
1041 807 75 22 Raoul
1131 814 32 14 DE
1177 807 178 21 COURMONT.

995 842 30 21 M.
1036 844 22 18 et
1067 841 50 21 M-
1128 841 23 22 L.
1162 840 282 23 FAUCHIER-MAGNAN
1501 840 89 21 GaUet.

995 876 50 21 M»»
1054 870 74 27 Emile
1138 875 140 22 MARTINET
1326 874 159 22 Laveissière.

997 910 29 22 M.
1042 914 23 17 et
1078 910 49 21 M°"
1141 910 105 25 Georges
1260 908 96 23 SOHIER
1404 909 109 24 Krantz.

1125 1021 178 27 MESSINE
1325 1021 69 33 (rue
1413 1020 52 35 de)

1012 1073 63 22 VIIIa
1091 1074 46 20 Arr.
1148 1074 34 20 -f-
1196 1072 99 21 Avenue
1309 1071 27 20 de
1346 1072 113 26 Messine,
1470 1072 22 20 11
1509 1074 23 18 et
1543 1071 32 21 13.

960 1150 12 20 2
998 1150 31 20 M.
1039 1150 88 26 Joseph
1142 1148 155 21 THUREAU.

961 1185 12 20 5
999 1184 31 20 M.
1045 1186 21 18 et
1076 1184 49 20 M»"
1135 1183 103 20 Maurice
1253 1181 144 22 CHAULIN.

1000 1218 41 21 B"
1054 1217 107 22 Fernand
1178 1216 215 25 PACQUEMENT.

1108 1329 176 26 MESSINE
1299 1327 123 35 (square
1437 1325 50 34 de)

951 1384 62 21 VIII*
1022 1384 52 21 Arr.
1084 1384 129 26 (Europe).
1224 1386 25 20 «-
1263 1383 96 20 Avenue
1369 1382 29 20 de
1412 1381 113 25 Messine,
1535 1381 23 19 11
1570 1383 23 17 et
1606 1380 38 20 13.

1142 1421 24 19 ->
1177 1418 49 20 Rue
1237 1417 28 20 de
1275 1416 142 26 Courcelles,
1428 1416 32 20 36.

1050 1451 108 22 Paroisse
1199 1448 346 30 Saint-Philippe-du-Roale.

963 1538 13 21 3
1000 1537 31 22 M.
1042 1540 23 19 et
1074 1537 48 21 M–
1132 1535 163 23 LUZARCIIE
1305 1534 90 22 d'AZAY
1437 1534 112 22 Roussel.
1568 1533 85 27 (Sam.)

963 1571 12 22 9
1002 1571 65 22 C1""
1082 1564 163 28 d'ARMAILLÉ
1293 1570 87 27 Srgur.

1000 1604 82 23 fie*
1091 1611 32 15 DE
1137 1603 114 22 BROGLIE
1295 1602 131 22 Armaillé.

952 1641 20 20 11
1002 1639 66 22 o–
1082 1639 94 21 Gabriel
1187 1644 32 15 DE
1230 1637 126 21 BROISS1A
1397 1636 79 22 Rolle.

1000 1673 32 21 M.
1051 1673 81 21 etM"«
1155 1672 27 21 Y.
1204 1671 141 21 FAYOLLE
1369 1676 32 15 Du
1425 1668 140 23 MOUSTIER
1625 1667 31 22 de

1028 1706 126 28 Guenifey.

1001 1741 31 20 M.
1048 1743 22 18 et
1084 1740 48 20 M"
1145 1740 79 20 James
1239 1737 130 22 LIGNIER.
1543 1735 115 27 [Samedi]

1001 1773 49 21 M-
1066 1773 25 21 E.
1104 1772 106 21 LONDE.

1001 1806 31 21 M.
1043 1809 23 18 et
1079 1806 49 20 M–
1142 1805 92 26 Edgard
1249 1804 76 22 NITOT
1371 1803 131 22 Audibert.

1002 1840 30 21 M.
1044 1839 114 22 MAILLE
1168 1838 178 23 SAINT-PRIX.

1003 1874 49 21 M»'
1080 1871 301 23 PORTET-LAVIGER1E.
1512 1870 147 28 [Dimanche]

953 1909 25 21 13
1002 1908 50 21 M«>
1063 1907 121 21 Théodore
1195 1905 102 22 MALLET
1344 1904 104 28 Laugel.

1002 1941 32 22 M.
1045 1944 23 18 et
1076 1941 48 21 M–
1138 1940 95 22 Camille
1245 1946 30 15 DE
1285 1938 178 23 VILLENEUVE
1511 1938 72 21 Piou.

1134 2048 252 25 MEYERBEER
1402 2046 79 34 (rue)

1039 2102 40 21 IX"
1090 2102 50 20 Arr.
1152 2101 105 28 (Opéra).
1270 2101 26 28 +-
1307 2101 122 21 Chaussée
1440 2100 100 26 d'Antin,
1550 2100 20 20 5.

1094 2136 105 21 Paroisse
1233 2134 76 23 Saint-
1321 2134 101 23 Louis-d'
1434 2134 76 23 Antin.

967 2227 13 21 2
1007 2226 29 21 M.
1048 2227 21 19 et
1080 2225 47 21 M"
1137 2225 78 20 André
1229 2223 131 22 MOUCIIET
1403 2224 91 27 lltjver.
