1749 2481
424 113 151 30 MONACO

796 115 154 31 MONACO

1171 120 153 31 MONACO

486 293 121 34 LISTE
645 281 346 50 ALPHABÉTIQUE
1029 293 77 33 DES
1132 294 122 33 NOMS

711 434 143 25 MONACO
870 431 40 30 (E
930 431 40 30 &=
987 431 48 28 éS)

140 561 99 23 Albert
260 563 33 20 I»'
316 560 32 31 (S.
369 561 28 24 A.
423 561 21 24 S.
470 561 48 32 hlgr
531 562 21 22 le
566 562 36 23 P»
617 561 91 23 Honoré
722 560 116 30 Charles),

169 595 103 23 Membre
293 597 189 28 Correspondant
510 597 29 23 de
560 596 128 28 l'Institut,
710 602 28 16 au
762 594 78 23 Palais

170 628 29 24 de
213 628 102 24 Monaco.

140 669 145 22 Anthoine
301 668 108 29 (Maurice
424 668 40 29 d'),
482 668 56 24 villa
552 668 109 30 Georges.

139 739 180 25 Beauregard
333 738 74 30 (M™),
422 739 56 23 villa
497 739 78 23 Lucie.

139 778 137 21 Bellando
294 776 28 23 de
336 779 111 21 Castros
462 777 107 29 (Colonel
582 777 53 29 C"),
650 777 27 22 0.
687 778 36 27 #,
739 777 60 22 Aide
813 777 29 21 de

170 810 72 29 Camp
255 812 32 21 du
305 811 89 23 Prince
407 812 85 22 Albert
508 812 34 22 I".

139 850 139 21 Bellando
285 849 28 23 de
322 851 97 22 Castro
429 849 155 31 (Théophile),
592 849 100 24 Notaire
702 849 138 23 honoraire.

139 888 126 22 Bernich
280 881 101 36 (Émile),
398 888 88 24 Consul
498 888 97 29 général
614 888 135 23 honoraire.

140 927 131 26 Blanchy
285 925 133 31 (Adolphe).

140 968 105 30 Bornier
260 968 45 30 (M.
318 968 93 31 etK"'),
422 970 125 23 Directeur
556 969 96 31 général
662 969 28 22 de
708 969 23 22 la
750 968 94 23 Société

169 1006 40 23 des
224 1006 76 24 Bains
315 1007 27 23 de
357 1007 57 24 Mer.

139 1091 70 23 Carr
223 1091 155 30 (Capitaine),
395 1092 170 25 Commandant
578 1099 30 17 en
622 1093 85 23 second
720 1094 32 22 du
771 1092 71 23 Yacht

168 1127 29 22 de
211 1126 25 24 S.
252 1126 27 23 A.
294 1126 25 24 S.
335 1126 83 24 Albert
432 1127 37 23 l".

141 1165 131 23 Christen
288 1164 107 29 (Colonel
409 1164 34 24 C"
458 1164 47 30 de),
518 1165 171 24 Commandant
701 1165 138 28 supérieur.

139 1202 163 31 Cicoodicola
316 1202 59 31 (Mgr
392 1197 126 35 Edouard),
529 1204 130 22 Aumônier
670 1204 128 22 honoraire
813 1204 28 22 de

168 1237 25 22 la
208 1238 93 22 maison
316 1238 32 22 du
362 1238 97 22 Prince.

138 1277 157 21 Cocoonato
308 1275 49 30 (B°»
372 1274 46 31 de),
437 1275 85 24 Consul
536 1275 28 24 de
579 1275 125 29 Portugal.

139 1315 106 21 Coulon
261 1313 41 29 fDr
324 1312 151 30 Guillaume),
496 1314 106 23 Médecin
616 1314 29 22 de
665 1314 23 23 la
701 1314 94 23 maison
810 1314 31 22 du

170 1347 96 29 Prince,
289 1354 42 16 rue
352 1347 40 24 des
406 1347 233 28 Vieilles-Casernes,
658 1346 58 24 villa
730 1346 109 30 Georges.

138 1429 99 27 Dugué
261 1428 28 23 de
311 1430 191 27 Mao-Carthy,
526 1428 133 24 Secrétaire
681 1428 99 29 général
808 1429 32 22 dit

169 1461 195 25 Gouvernement.

139 1502 137 21 Donnève
293 1500 29 23 de
338 1502 168 26 Martinaud,
523 1500 88 24 Consul
623 1501 31 23 du
671 1501 74 23 Chili.

139 1580 200 29 Fitz-Géraldt,
346 1580 92 25 Galerie
448 1581 143 28 Charles-III,
603 1581 87 24 Maison
698 1581 140 24 Casa-Nova.

138 1620 194 23 Furhmeister
347 1620 129 30 (Adolphe),
488 1620 129 30 Secrétaire
632 1621 155 28 particulier.

136 1709 128 23 Gastaldi
279 1709 89 29 (C*
384 1710 14 30 ),
405 1710 28 30 [née
448 1710 163 29 Rambaldi],
628 1711 22 25 9,
678 1716 41 17 rue
738 1710 28 23 de
781 1710 60 23 Lor-

167 1743 73 27 raine,
256 1746 14 20 à
284 1742 109 30 Monaco,
408 1742 15 30 –
445 1748 24 19 et
483 1744 204 30 Ferney-Voltaire
701 1744 73 28 (Ain).

137 1784 128 20 Gastaldi
284 1782 46 28 (Cu
350 1786 24 19 et
401 1783 62 21 C'
491 1782 122 30 Etienne),
638 1783 53 29 [née
705 1783 134 28 Dumont]

167 1818 74 20 même
268 1816 103 24 adresse.

137 1855 126 22 Gastaldi
278 1854 181 30 (Commandant
473 1854 93 29 Alban),
585 1854 77 23 même
677 1853 103 25 adresse.

137 1894 104 22 Girtler
255 1893 114 29 (Octave),
386 1894 143 23 Lieutenant
543 1894 29 23 de
586 1894 34 22 1"
634 1894 86 23 classe.

136 1933 104 26 Glaize,
259 1932 87 23 Consul
361 1933 28 22 de
405 1932 98 23 France.

135 2005 159 22 Hervetson
309 2004 38 29 (M.
363 2008 24 18 et
400 2004 65 30 M»'),
480 2005 37 27 43,
532 2010 40 16 rue
587 2004 28 22 de
630 2003 88 31 Fréjus.

136 2045 82 26 Hury
232 2042 56 30 (de),
304 2042 55 23 villa
373 2042 43 28 Ita,
432 2049 87 16 avenue
538 2040 165 24 Saint-Martin.

135 2082 189 25 Hutchinson,
339 2080 64 23 boul.
428 2080 41 24 des
483 2080 106 28 Moulins,
609 2079 56 23 villa
680 2079 61 31 May.

135 2151 164 26 Jeannaire,
315 2149 171 24 Commandant
503 2150 31 22 du
548 2149 90 23 Palais.

134 2191 108 22 Jolivot
250 2188 123 30 (Charles),
390 2188 132 23 Secrétaire,
534 2188 24 23 de
572 2187 23 23 S.
613 2187 27 22 E.
652 2188 21 21 le
682 2187 155 22 Gouverneur

163 2225 108 29 général.

892 561 165 26 Laboulaye
1075 559 119 30 (Honoré),
1209 560 103 22 Attaché
1324 560 33 22 du
1373 560 96 23 Cabinet
1482 560 27 23 de
1527 560 24 23 S.
1570 560 27 23 E.

923 594 22 22 le
963 594 154 23 Gouverneur
1130 594 107 28 général.

894 633 131 22 Lamothe
1039 631 149 29 d'Allogny
1198 631 92 30 (C"de),
1301 631 140 29 %,Chamb.
1460 632 31 23 dit
1501 632 96 24 Prince.

895 672 183 22 Laurendeau
1093 672 32 21 de
1140 672 110 25 Juniac,
1266 670 143 24 lieutenant
1425 671 29 22 de
1468 670 26 23 2°
1510 671 85 23 classe.

894 711 166 25 Longeville
1076 709 55 29 (de),
1152 709 57 22 villa
1224 708 132 23 Marinette.

895 748 70 21 Loth
979 747 39 27 (Le
1030 747 121 23 Chevalier
1165 751 23 18 et
1201 747 46 23 M™'
1263 747 73 22 Emile
1353 747 37 28 de)
1409 747 50 31 [née
1477 748 119 30 Biovès],

923 781 99 28 Adjoint
1036 788 31 17 au
1082 781 83 29 Maire,
1178 781 76 30 Agent
1267 777 126 28 consulaire
1405 777 50 28 des-
1467 777 126 28 Étas-U/iis

922 815 161 30 d'Amérique,
1098 816 37 27 26,
1152 822 40 16 rue
1206 815 41 23 des
1261 815 105 30 Briques.

897 894 139 21 Maleville
1065 892 43 25 (G"
1128 892 87 28 Henri),
1245 894 133 22 Secrétaire
1405 894 99 28 géneral
1523 894 28 23 de
1570 894 23 23 la

923 923 162 28 Principauté
1097 923 28 23 de
1142 923 102 27 Monaco,
1260 922 14 23 à
1288 922 100 23 Monaco.

897 963 94 26 Mayer
1009 960 97 30 (Louis),
1128 961 132 23 Conseiller
1273 962 72 27 privé
1360 962 29 23 de
1403 962 29 23 la
1451 963 93 22 maison
1564 962 31 23 du

924 995 95 24 Prince.

896 1036 95 26 Mayre
1006 1033 169 31 (Francisque),
1188 1034 55 22 villa
1257 1033 131 23 Marinette.

895 1073 82 21 Moch
992 1070 115 31 (Gaston),
1123 1073 36 27 #,
1176 1072 64 30 C/.ef
1250 1073 28 22 de
1293 1072 109 26 Cabinet,

895 1113 113 25 Montry
1027 1111 36 28 (A.
1083 1110 37 29 de)
1140 1110 33 30 [et
1190 1110 47 24 M""
1256 1112 41 22 née
1316 1111 27 23 de
1363 1111 157 27 Kinkelin],
1540 1110 56 24 villa

924 1148 81 35 Stella,
1022 1151 35 25 12,
1073 1155 87 17 avenue
1175 1149 40 23 des
1230 1149 148 30 Moneghetti.

897 1231 71 27 Néri,
986 1230 87 24 Consul
1086 1231 29 23 de
1130 1231 24 23 la
1173 1230 148 30 République
1335 1232 134 28 argentine.

895 1270 104 21 Nissim
1013 1268 37 28 (M.
1066 1273 23 19 et
1106 1268 48 23 M™»
1176 1268 81 29 Léon),
1272 1272 68 19 route
1353 1268 28 23 de
1395 1268 96 29 France,
1567 1271 27 22 de

923 1301 180 24 Sainte-Hélène.

895 1342 109 27 Noghès
1032 1341 47 29 (A),
1106 1341 101 23 Attaché
1232 1347 31 17 au
1288 1341 108 23 Cabinet
1411 1341 31 23 de
1465 1341 24 23 S.
1515 1342 28 22 E.
1571 1342 23 23 le

924 1375 152 23 Gouverneur
1089 1376 105 28 général.

894 1448 95 23 Oliver
1016 1447 102 30 (Miss),
1132 1447 58 30 Dame
1212 1446 134 24 d'honneur
1372 1447 28 23 de
1419 1448 23 22 la
1458 1447 136 25 Princesse.

895 1487 161 22 Orémieulx
1071 1486 105 29 {Colonel
1188 1485 33 25 C"
1243 1485 40 29 d'),
1300 1486 34 27 ff,
1356 1487 105 26 premier
1484 1487 61 23 Aide
1567 1488 29 23 de

921 1526 75 23 camp,
1014 1520 81 24 Palais
1109 1522 28 22 de
1152 1521 102 23 Monaco.

894 1562 61 19 Otto
970 1559 111 30 (Hector),
1098 1560 89 22 Consul
1200 1560 40 22 des
1260 1558 128 30 Pnys-Ilas.

896 1631 95 26 Payan
1007 1629 55 28 (de),
1079 1635 87 16 avenue
1181 1627 167 24 Saint-Martin.

896 1669 170 21 Pontremoli
1082 1666 55 30 (Dr),
1153 1669 21 25 4,
1190 1673 42 16 rue
1246 1665 29 24 du
1295 1665 121 23 Tribunal.

895 1749 122 21 Richard
1034 1748 88 28 (Jules),
1144 1749 34 26 #,
1196 1749 128 21 Directeur
1342 1746 32 22 du
1398 1747 79 22 Musée
1494 1748 100 22 océano-

922 1783 143 28 graphique.

894 1819 55 31 Ritt
962 1819 41 31 (S.
1035 1819 25 23 E.
1090 1818 115 30 Ollivier),
1236 1818 151 24 Gouverneur
1413 1818 98 29 général
1529 1819 28 23 de
1572 1820 23 22 la

923 1854 165 29 Principauté.

892 1923 83 28 Saige
990 1920 129 31 (Gustave),
1136 1922 190 27 Correspondant
1340 1920 28 23 de
1383 1920 119 23 l'Institut
1515 1920 81 23 archi-

922 1957 70 27 viste,

891 2028 105 31 Theuref
1011 2028 75 31 (Mjjr
1103 2027 113 29 Charles),
1232 2028 92 28 Evique
1337 2027 28 23 de
1379 2027 103 24 Monaco.

894 2104 82 21 Viard
990 2102 135 30 (Edmond),
1141 2102 89 24 Consul
1242 2101 29 23 de
1290 2101 136 23 Venezuela.

890 2142 168 22 Villeneuve
1083 2141 101 29 (L'Abbé
1193 2140 89 22 Léonce
1305 2139 47 29 de),
1369 2139 128 28 Chapelain
1519 2138 29 23 de
1562 2138 29 23 la

918 2181 91 23 maison
1027 2180 31 23 du
1078 2180 94 23 Prince.

889 2221 168 21 Villeneuve
1072 2218 35 28 (L.
1125 2218 47 28 de),
1188 2216 196 25 Bibliothécaire.
