1749 2481
998 103 92 30 Alma
1108 102 138 41 (avenue
1266 102 38 30 de
1324 101 34 41 1')

235 112 90 31 Alma
344 111 137 40 (avenue
500 111 39 29 de
553 108 34 40 l')

300 209 76 17 ai.ua
390 202 91 30 (suite)

75 252 15 20 I
116 251 31 20 M.
159 253 22 18 et
190 250 49 21 M»'
248 248 84 22 Rafaël
341 247 103 22 ANGULO
481 246 116 21 :Sarwhes
606 244 29 21 de
644 242 54 23 Move
711 242 41 23 lia
760 248 16 14 n

116 284 31 21 M.
162 287 23 18 et
199 284 49 21 M»"
262 283 66 21 Jules
344 288 45 15 des
405 279 182 24 FONTAINES.

117 319 42 19 pj.o
169 321 23 17 et
201 319 63 19 B°»"
274 316 115 22 LEJEUNE
436 315 105 26 Taigny.

118 353 63 19 B.»».
191 350 128 22 MORPUGO
371 349 142 21 Wertheim.

118 385 30 20 M.
163 387 24 18 et
203 384 49 20 M°>«
265 384 84 20 Justus
363 381 204 22 WALLARSTEIN
620 379 114 23 Sanehea
743 378 30 21 de

143 418 159 26 "Larragoiti.

116 448 32 20 M.
162 450 24 17 et
198 448 51 19 M»»
266 447 84 20 Ernest
365 444 201 22 WALLERSTEIN
619 442 112 23 Sonetes
743 441 29 21 de

144 481 157 26 Larragoiti.-

79 515 17 20 S
122 515 30 20 M.
168 516 23 19 et
205 515 49 19 M»«
268 514 79 20 André
362 519 34 14 Du
410 508 68 25 BOYS
526 510 141 27 Frerejean.

121 548 30 21 Le
163 547 99 22 Général
272 547 25 21 C.
309 547 102 20 BONIE.

118 581 39 20 M-'
172 583 22 17 et
208 581 51 20 M'"
274 586 32 15 DE
323 579 105 22 CAZAUX
477 579 141 26 Montigny.

76 615 17 20 9
119 614 41 21 M"
174 617 23 17 et
208 614 53 21 M'"
275 620 32 14 de
319 612 85 22 GANAY
449 612 123 27 Béhague.
684 609 91 27 [Lundi]

67 654 27 20 n0
119 652 152 22 Vl#etVtat"
285 651 120 22 D'AVIAU
423 657 31 14 DE
469 649 147 22 PIOLANT:
628 647 148 27 Rochefort.

119 686 50 21 M™
179 686 43 21 Ch.
231 685 148 22 LAMBERT
390 690 31 16 ds
433 682 228 24 SAINTE-CROIX:
673 680 97 23 Gessier

116 722 69 20 Cie.se
196 727 32 14 DR
237 721 49 20 MUN
332 721 129 20 Beaunau.
641 716 137 27 [Vendredil

117 756 40 20 çt.
171 757 21 18 et
206 755 66 21 C1*1""
285 755 93 20 Gabriel
388 759 31 15 de
430 753 48 20 MUN
525 751 213 22 Gontaut-Biron.

118 788 39 21 C"
166 790 22 19 et
197 789 67 20 C"
273 788 144 20 PALLUAT
429 792 30 15 DE
469 786 127 21 BESSET:
607 785 127 25 Perquer.,

119 822 70 22 Çte.
202 828 33 14 DE
246 821 165 21 ROCHEFORT
459 820 118 20 Lambert
593 820 29 19 de
637 817 139 22 Ste-Croix.

122 855 39 22 C'«
174 855 52 22 Jean
240 861 32 15 DE
284 853 195 22 ROCHEFORT.

121 890 37 21 Cte
172 890 72 20 Louis
256 895 32 15 de
302 887 195 23 ROCHEFORT.

120 923 31 21 M.
162 926 23 18 et
193 923 51 21 M~
253 923 37 21 Fr.
301 928 32 15 DE
343 921 144 21 VAUGELAS
535 919 138 22 Jumilhae.

119 956 32 21 M.
165 956 106 22 Armand
285 962 31 15 DE
333 955 174 21 VAUGELAS.

71 997 24 18 II
122 995 30 20 M.
163 997 23 17 et
195 995 50 20 M»»
256 1000 32 14 DE
298 992 300 22 ROUVRE-BOURLON:
613 991 126 26 Lebaudy.

122 1028 31 20 M.
166 1030 103 25 Jacques
284 1033 31 14 DE
332 1025 299 22 ROUVRE-BOURLON.

71 1062 25 20 12
122 1062 29 20 M.
163 1064 22 18 et
194 1062 50 20 M""
255 1062 83 20 Ernest
349 1060 136 20 BRINCARD
529 1059 88 21 Pollet.
665 1057 112 27 (Samedi]

122 1095 30 21 M.
168 1095 56 22 Sadi
240 1094 134 22 CARNOT.

121 1129 32 21 M.
167 1131 23 18 et
204 1128 50 21 M"
270 1127 98 22 Charles
383 1127 134 21 CŒURET
537 1132 30 14 DE
582 1125 196 22 SLGEORGES:

150 1161 138 22 Brincard.

124 1196 40 21 B'"
178 1198 23 18 et
215 1196 62 20 B01""
294 1195 104 21 Maurice
421 1201 32 14 DE
476 1193 81 22 CROZE
614 1192 29 21 de
662 1192 120 21 Carmen-

149 1229 76 21 trand
236 1229 29 22 de
279 1229 29 22 La
324 1228 133 23 lïoussiUe.

124 1263 31 21 M.
166 1266 22 18 et
199 1263 29 26 M™
242 1263 119 26 Philippe
377 1263 26 20 L.
417 1268 45 15 von
473 1255 106 27 HÉMERT
631 1260 91 21 Eeana.

124 1298 66 21 C«–
204 1298 6 21 •
216 1298 13 21 G.
247 1303 30 15 DE
292 1296 185 22 MONTOZON:
492 1295 123 22 Brabant.

123 1331 31 21 M.
164 1335 23 17 et
196 1332 50 20 M«"
257 1331 95 21 VIDAL
364 1330 81 22 SOLER
492 1329 83 22 Costa.
694 1327 85 26 (Jeudi]

125 1373 29 21 M.
166 1372 106 22 Edmond
286 1371 233 23 WEISWEILLER.

126 1407 30 21 M.
167 1408 105 20 Gustave
282 1406 233 22 WEISWEILLER.

76 1443 23 20 13
127 1442 37 20 P"
177 1440 40 22 de
237 1440 142 22 WAGRAM.

126 1475 36 20 P"
173 1474 133 21 Alexandre
317 1479 32 15 DE
359 1472 154 22 WAGRAM.

76 1513 23 20 16
126 1513 50 19 M™«
187 1512 118 19 Griswold
317 1510 66 20 GRAY
428 1510 83 19 Irwin.

126 1546 40 21 V
179 1551 45 14 des
240 1536 389 29 MONSTIERS-MÉRINVILLE.
642 1542 88 25 [p.-à-t.]

127 1579 30 21 M.
168 1581 23 18 et
199 1578 50 20 M»"
263 1577 106 21 Fernand
379 1577 136 21 D'ORVAL.
631 1574 150 26 [Dimanche]

127 1612 49 22 M«"
186 1611 79 27 Edgar
274 1610 236 22 RAOUL-DUVAL:
520 1610 121 19 Foerster.

128 1646 49 21 M–
191 1645 106 21 Edmond
310 1643 238 23 RAOUL-DUVAL:
562 1642 131 21 Johnston.

79 1686 22 19 17
128 1684 41 21 M"
179 1686 22 18 et
209 1683 53 21 M1"
272 1689 32 15 DE
313 1682 173 22 MOUSTIER:
497 1680 123 27 Legrand.
671 1680 111 26 [Samedi]

128 1717 38 21 Ct.
176 1720 22 18 et
208 1717 67 21 C"–
288 1722 32 15 DE
330 1715 140 22 MOUSTIER
520 1715 86 26 Ligne.

78 1751 25 20 19
129 1751 37 20 C"
176 1751 80 20 Bruno
265 1755 32 16 de
307 1748 171 23 BOISGELIN.

128 1784 50 20 M–
189 1784 35 20 Fr.
236 1783 255 21 ENGEL-DOLLFUS.
700 1781 83 26 [Jeudi]

129 1818 31 19 M.
172 1819 21 18 et
203 1817 50 20 M"«
264 1817 102 20 Edward
376 1817 27 19 N.
417 1816 139 20 PERKINS.

129 1851 45 20 M«"
189 1851 30 20 de
232 1850 133 21 VENOGE.

80 1884 25 20 20
135 1883 30 20 M.
177 1885 23 18 et
209 1883 51 20 M–
269 1883 84 20 Alfred
366 1883 26 19 R.
405 1882 60 20 PICK
509 1882 123 25 Whitney.

80 1917 22 20 21
130 1916 51 21 M»'
194 1916 29 20 A.
235 1916 103 20 ALLEZ.

131 1950 32 20 Le
177 1948 118 22 Chovaliu
318 1951 23 18 al
353 1948 50 20 M»-
415 1948 86 20 Robert
514 1954 32 13 de
560 1948 88 19 BAUtïR
705 1947 80 19 Uunz-

157 1982 63 26 burg
237 1982 93 26 [p.-à-t.]

133 2017 63 20 B–
207 2016 23 21 S.
241 2022 31 14 DE
284 2014 144 22 GUNZBURG
477 2012 179 24 Goldtehmidt.

134 2050 42 20 B"
189 2049 87 21 Robert
291 2055 31 15 DE
337 2048 174 22 GUNZBURG.

134 2083 30 21 M.
178 2084 81 20 James
271 2082 27 21 R.
312 2082 173 22 IIENNESSY.

134 2116 206 22 C'-etC'–L.DE
349 2115 320 22 MOLTKE-HVITFELDT:
681 2114 105 22 Garner.

135 2150 31 21 M.
176 2154 22 17 et
208 2150 50 21 M–
267 2150 107 21 Frédéric
387 2149 126 26 PERQUER
566 2149 115 22 Curnier.
693 2147 93 27 [Mardi]

136 2184 30 21 M.
176 2187 24 18 et
208 2184 49 21 M""
269 2183 102 22 Richard
380 2183 131 22 ROBLOT.

1089 200 73 16 ALMA
1177 193 89 29 (suite)

825 241 26 21 23
876 241 40 20 M"
931 246 32 15 Du
979 239 106 21 BOURG
1100 245 32 14 DE
1145 239 107 21 BOZAS.

877 274 37 21 p«.
928 277 23 17 et
964 273 68 20 p»».
1046 273 120 27 Alphonse
1182 278 32 15 DE
1229 271 106 23 CHIMAY
1384 271 112 26 Lejeune.

877 307 30 21 M.
923 309 23 18 et
959 307 50 21 M»"
1024 307 26 21 R.
1067 312 31 15 DE
1113 302 152 25 PALL1ÉRES
1312 305 91 21 Madré
1420 305 27 20 de
1457 305 74 20 Loot.

827 342 24 21 26
877 341 30 21 M.
919 344 22 17 et
950 341 50 20 M"»
1010 341 97 21 Charles
1118 339 126 22 BARTHON
1291 338 156 22 Leeainville.

877 375 30 21 M.
918 377 23 18 et
950 375 50 20 M–
1014 374 88 21 Victor-
1111 380 32 15 DE
1156 373 106 21 CATHEU
1315 372 131 21 Gauthier.

877 407 31 22 M.
924 408 116 21 Christian
1055 414 31 15 DE
1102 406 133 23 CATHEU.

826 442 24 21 21
877 442 32 21 M.
921 441 29 21 et
964 441 29 21 M–
1007 441 29 21 E.
1048 440 156 23 BOURDON.

877 476 32 21 M.
920 475 89 21 Gaston
1020 481 31 15 de
1061 475 40 21 LA
1110 471 111 25 CHÈRE.

878 509 48 21 M1"
936 515 32 14 DE
978 509 41 20 LA
1029 505 110 25 CHÈRE.

827 543 24 20 33
879 542 36 21 O
926 545 21 17 et
957 542 66 21 G"–
1034 543 25 20 B.
1070 547 33 15 de
1114 542 100 21 BLACAS
1257 541 71 20 Mun.
1348 541 73 25 [Sara.
1433 546 36 19 ap.
1480 540 12 20 3
1500 540 32 25 h.]

827 576 25 20 34
879 576 49 20 M"«
942 576 129 19 Madeleine
1085 580 48 15 van
1147 575 134 20 MEEGEN.
1386 573 146 26 [Dimanche)

828 610 23 21 3j
879 609 40 21 M"
934 611 22 18 et
969 609 51 20 M"»
1035 608 138 21 GUILHEM
1187 613 33 15 DE
1235 607 126 22 POTHUAU
1413 607 120 26 Laugier-

907 642 103 21 Villars.

880 676 137 21 C««etCto".«
1027 675 125 21 GUILHEM
1169 675 35 21 DE
1216 675 161 21 POTHUAU:
1387 674 145 26 Salaberry.

879 709 31 21 M.
938 712 22 17 et
987 709 49 20 M»«
1063 708 78 21 André
1169 715 32 14 DE
1229 708 39 21 LA
1294 707 106 21 MOTTE
1427 708 105 20 SAINT-

904 742 96 21 PIERRE
1048 742 115 21 Gailkem
1178 742 28 21 de
1220 742 128 20 Poihuau.

828 782 25 19 36
881 781 22 21 S.
920 781 26 19 A.
962 780 27 20 R.
1005 779 104 22 l'Infante
1124 778 132 22 EULALIE
1270 778 174 22 D'ESPAGNE.

880 813 30 21 M.
921 813 103 21 Mathieu
1034 819 31 15 DE
1076 812 268 22 MAVROCORDATO.

829 853 24 18 37
881 850 418 22 D"«deCHOISEUL-PRASLIN:
1315 850 101 20 Forbes.

881 885 34 21 O
930 885 93 20 Gabriel
1035 890 31 15 DE
1080 884 302 21 CIIOISEUL-PRASLIN.

880 918 31 21 M.
922 918 97 21 Charles
1032 918 26 20 T.
1072 917 109 22 EYRES.

881 952 57 20 M»"
948 951 127 22 FORBES.

880 985 31 21 M.
926 984 133 28 H.-Courcy
1073 982 126 24 FORBES.

881 1019 29 20 M.
929 1019 130 21 Ch.-Stuart
1072 1019 126 21 FORBES.

881 1052 31 21 M.
928 1055 21 17 et
963 1052 50 20 M–
1029 1052 57 20 Paul
1101 1051 127 22 FORBES.

882 1085 30 21 M.
927 1085 106 26 Auguste
1047 1085 134 21 RIENSCH
1196 1091 31 15 DE
1242 1084 67 23 OSA.

881 1119 37 20 M.-
928 1121 22 18 et
963 1119 50 20 M–
1027 1119 73 20 Edme
1115 1118 121 22 SOMMIER
1289 1118 111 21 Casimir
1413 1118 95 21 Périer.

831 1154 22 19 41
881 1152 50 21 M»'
941 1152 101 21 Edward
1052 1152 224 21 LUCKEMEYER:
1286 1152 100 27 Frings.

883 1184 63 23 B°"«
956 1186 23 20 F.
991 1181 172 26 SEILLIÈRE:
1174 1186 123 21 Laborde.
1309 1186 83 26 [Lundi
1402 1186 33 25 av.
1446 1186 88 25 4h.l/-2]

883 1220 41 20 B°«
934 1222 22 17 et
967 1220 63 19 B«"
1041 1219 62 20 Léon
1116 1215 141 25 SEILLIÈRE
1300 1219 134 26 Demachy.

831 1259 25 19 42
882 1257 31 21 M.
925 1260 21 18 et
956 1257 50 21 M»»
1016 1257 99 21 Charles
1125 1254 94 24 AYLIÈS
1262 1258 52 20 Bro
1326 1257 29 21 de
1367 1257 119 21 Comères.

882 1290 30 22 M.
924 1293 22 19 et
956 1291 49 20 M–
1019 1290 106 28 Georges
1136 1290 121 22 CHAPSAL
1308 1292 89 20 Danet.

1280 1326 19 26 [3
1308 1325 115 27 premiers
1441 1325 88 21 Lundis

883 1365 63 19 B»»"
956 1364 135 20 Douairière
1103 1363 61 21 BRO
1178 1369 30 15 DE
1219 1359 155 25 COMÈRES.

884 1398 42 19 B»»
935 1400 22 16 et
967 1397 64 20 B™«
1042 1396 61 21 BRO
1115 1402 31 14 nE
1156 1393 123 24 COMÈRES
1331 1397 64 20 Zens
1405 1396 119 21 d'Alnois.

882 1431 32 19 M.
926 1433 22 17 et
956 1431 51 19 M"
1018 1431 79 19 Albert
1108 1430 131 21 PIC-PARIS
1282 1431 50 19 Bro
1344 1430 29 20 de
1385 1430 118 20 Comères.

833 1469 24 20 43
884 1467 33 21 M.
929 1471 22 17 et
960 1467 50 20 M««
1019 1466 321 22 AdrienDUTEY-HARISPE
1383 1467 156 26 Catiigneul.

1447 1500 90 26 [Lundi]

883 1534 49 20 M»'
942 1534 79 20 Albert
1031 1532 144 22 LEGENDRE
1220 1532 123 28 Magnan.
1448 1533 90 27 [Lundi]

833 1568 25 20 43
884 1567 31 20 M.
927 1569 22 18 et
959 1566 49 21 M"
1019 1565 58 21 H.-J.
1089 1566 132 21 BARBEY.

884 1600 30 21 M.
930 1599 194 27 François-Serge
1139 1606 32 14 DE
1186 1599 133 22 YTURBE.

834 1644 24 20 46
885 1642 66 21 C1""
970 1648 31 15 DE
1020 1642 151 20 GRAMONT
1186 1642 113 21 D'ASTER
1351 1642 189 27 Montesquiou-

909 1677 128 20 Fezensae.
1274 1675 122 27 [Mercredi
1408 1677 68 25 après
1485 1675 10 28 &
1505 1675 31 28 h.J

834 1716 24 20 47
886 1715 96 21 Colonel
996 1718 22 17 et
1036 1714 51 21 M–
1108 1714 72 21 Henri
1201 1714 103 21 APPERT
1362 1713 178 23 Roland-Gos-

910 1747 68 22 selin.

885 1781 31 22 M.
931 1781 126 22 ANGULO
1068 1787 14 14 Y
1093 1781 124 21 GARCIA.

885 1815 30 20 M.
932 1815 70 20 Louis
1016 1814 301 21 ROLAND-GOSSELIN.

886 1848 49 19 M"
945 1848 73 19 Emile
1029 1847 128 20 SERBAT.

835 1882 26 18 49
887 1882 37 19 C"
934 1883 22 17 et
966 1881 66 20 C"
1042 1885 32 15 DE
1089 1880 116 20 BRIGODE
1257 1880 132 20 Gramont.

886 1914 31 19 M.
929 1914 27 19 et
969 1914 40 19 M1"
1025 1913 55 20 Paul
1095 1913 156 19 FOURNIRR
1266 1918 32 15 de
1316 1913 81 21 PAEPE
1456 1911 86 23 llùrd-

914 1947 89 20 liezka.

890 1980 62 20 B«»«
962 1980 137 20 MERCIER
1109 1985 31 14 DE
1151 1980 169 20 LOSTENDE.

888 2013 42 20 B"
939 2012 27 21 R.
978 2012 138 21 MERCIER
1127 2018 32 15 DE
1170 2012 168 22 LOSTENDE.

837 2047 23 20 51
889 2045 30 21 M.
934 2048 23 18 et
970 2045 50 21 M»»
1033 2044 80 22 Alfred
1128 2051 31 14 DE
1174 2044 109 22 FERRY.

888 2079 67 21 C1"»
964 2084 33 15 DU
1008 2078 223 22 PETIT-THOUARS
1283 2080 159 21 Lambreeht.

890 2113 37 21 C"
942 2118 32 15 du
989 2112 258 21 PETIT-THOUARS.

888 2146 42 21 M1-
945 2149 21 17 et
979 2146 50 21 M1"
1045 2152 31 14 DE
1091 2145 156 23 VASS01GNE
1299 2147 199 22 Petit-Thouars.

839 2182 27 20 55
891 2180 31 21 M.
933 2180 97 22 Charles
1042 2179 190 22 CORRAGIONI
1249 2180 142 22 D'ORELLI.
