1749 2481
1113 93 242 34 Henri-Martin
1377 92 79 42 (av.)

342 101 236 32 Henri-Martin
599 101 81 42 (av.)

363 203 196 16 HENRI-MARTIN
576 196 89 30 (suite)

158 247 25 21 12
209 246 36 21 M1'
257 246 24 21 et
293 247 50 20 M"»
353 242 173 27 d'ABRANTÈS
576 246 165 28 Langsdorff:

209 273 37 21 C"
261 273 151 22 D'ABRANT
425 275 34 20 .S.

209 307 49 20 M»«
270 307 37 21 LE
317 307 47 22 RAY
406 308 81 21 Junot
500 308 159 21 d'Abrantès.
724 304 149 29 [Dimanche]

158 343 25 20 14
209 342 31 21 M.
252 343 81 21 Albert
344 343 179 22 BORDEAUX.

209 376 31 21 M.
260 377 97 27 Eugène
367 378 162 21 MARBEAU.

158 412 26 21 22
209 412 44 21 B°-
267 415 23 18 et
303 412 65 21 B°»«
391 413 80 21 Pierre
489 418 33 16 DE
545 412 105 23 SANCY
664 417 33 15 DE
711 409 126 23 ROLLAND

235 438 148 28 Espeuilles.

159 473 25 20 29
210 473 42 21 V««
261 475 23 19 et
294 473 70 21 V1""
373 473 106 21 Maurice
496 479 32 15 DE
544 471 178 23 BEAUCHAMP
777 471 99 27 Aymar

236 498 30 21 de
277 499 216 22 Châteaurenard.

211 533 31 21 M.
258 535 22 19 et
299 533 49 21 M»«
371 533 88 22 Robert
477 533 140 22 COPPENS
638 538 33 16 DE
689 531 148 23 FONTENAY

237 557 136 23 Bonneval.

210 593 31 21 M.
257 597 23 17 et
293 593 50 21 M–
362 593 99 22 Charles
484 600 32 15 DE
539 593 135 22 COYNART
736 591 94 22 Dodun
847 591 29 21 de

237 619 136 22 Kéroman.

211 654 38 21 C"
268 656 23 19 et
310 654 66 21 C1""
400 648 54 27 Éric
474 660 33 15 DE
527 653 166 23 DAMPIERRE
749 653 129 22 Chateau-

237 688 89 29 bourg.

211 723 41 21 V"
267 717 50 27 Élie
331 729 32 15 DE
378 723 190 21 DAMPIERRE.

210 758 32 20 M.
259 757 79 21 Pierre
352 758 200 22 LABROUCHE.

213 792 38 22 C"
260 792 58 21 Jean
330 798 31 15 de
376 789 150 25 LAGRÈZE.

213 827 30 20 M.
260 831 22 17 et
297 827 50 20 M««
361 826 99 23 Charles
475 827 119 22 PIGEARD
642 826 149 28 Chouffoar.

214 861 39 21 M1'
266 861 26 21 et
303 861 51 21 M1"
370 868 31 14 DE
411 861 200 24 RANCOUGNE.

214 896 39 21 C"
262 899 23 18 et
295 896 67 21 C'
373 896 93 21 Gabriel
478 902 32 14 DE
525 895 180 23 SESMAISONS
760 894 119 22 Trédern.

214 930 31 21 M.
257 932 23 19 et
289 930 50 21 M»'
354 930 72 21 Henri
441 930 207 21 TAILLIANDIER
701 928 178 23 Tailliandier.

785 963 94 27 [Mardi]

163 996 26 21 30
215 996 67 21 C"
293 995 173 22 D'ALMEIDA.

215 1029 31 21 M.
258 1033 23 18 et
290 1030 50 20 M»«
356 1030 110 27 Hartwig
475 1029 195 22 DERENBOORG
720 1029 79 21 Baer.

167 1065 30 25 [2e
209 1067 23 19 et
245 1065 23 21 3"
281 1064 97 27 Mardis,
394 1065 93 21 dernier
507 1064 126 26 Mercredi,
653 1062 225 27 Janv.-Fév.-Mars|

215 1099 67 22 C'
302 1106 32 14 DE
352 1099 122 22 LOYNES
491 1098 182 22 D'AUTROCHE
732 1097 149 22 Chéronnet-

243 1134 185 27 Champollion.

215 1169 27 21 D'
255 1169 27 21 et
297 1168 51 21 M»«
361 1168 82 22 Alfred
456 1168 150 21 METTETAL
662 1167 122 23 Coulden.

216 1204 32 21 M.
258 1206 23 20 et
290 1204 50 20 M»»
351 1204 108 26 Georges
469 1203 143 22 NOUVEL:
626 1203 95 22 Gosset.

162 1238 24 21 31
216 1239 38 20 P"
265 1241 23 18 et
299 1238 67 21 P'
375 1238 136 21 Alexandre
528 1244 32 14 de
576 1235 264 23 CARAMAN-CHIMAY

243 1273 150 22 Bassaraba
403 1272 29 21 de
443 1273 159 20 Braneovan.

217 1306 256 22 V""«deJUMILHAC
524 1306 128 22 Sabatier.

216 1342 39 21 C"
269 1345 23 18 et
306 1342 66 21 CUl"
382 1342 29 20 de
421 1341 34 22 LA
472 1341 87 22 PRADE
610 1341 77 27 Baye.

219 1376 33 20 Le
262 1376 102 21 Général
378 1376 38 21 C'=
429 1375 80 22 NIEL.

218 1411 38 21 C"
271 1410 108 28 Adolphe
392 1410 79 22 NIEL.

220 1445 38 21 C"
274 1444 90 22 Gaston
377 1445 80 21 NIEL.

218 1479 31 21 M.
260 1482 23 18 et
294 1479 51 20 M"«
355 1480 81 26 Roger
445 1479 109 22 MOUTET
603 1480 125 21 Berthier.

219 1514 34 20 M.
266 1516 23 19 et
298 1514 51 21 M»»
363 1515 74 20 Franz
451 1513 93 22 SCHIFF
594 1513 159 29 Oppenheim.

168 1549 26 22 32
223 1549 29 20 M.
264 1551 22 19 et
298 1549 43 21 Mme
355 1549 131 21 Alexandre
503 1549 24 21 S.
543 1548 134 22 CLARKE.

220 1583 31 21 M.
263 1586 22 18 et
295 1582 49 21 M-
353 1583 62 22 John
430 1582 231 22 GOLDSCHM1DT.

221 1618 36 22 Ct.
273 1621 23 18 et
310 1617 66 22 C""
391 1624 31 15 DE
442 1618 39 21 LA
497 1618 225 22 ROCHECANTIN
734 1624 32 15 DE
776 1617 40 22 LA
826 1617 59 22 MO-

245 1648 109 26 RINIÈRE
402 1653 100 22 Menou.

220 1687 32 20 M.
264 1690 22 18 et
303 1687 47 20 M»>
361 1688 82 20 Victor
453 1687 140 22 REVILLON
638 1688 80 21 Ailes.

220 1721 51 20 M»»
282 1727 46 14 VAN
343 1721 69 21 RYCK
462 1721 145 21 Hœeenaar
620 1721 31 21 de
659 1721 118 28 Oeldrop.

166 1756 28 21 33
221 1755 37 22 C"
273 1759 23 17 et
305 1756 103 21 C-–E.
424 1755 159 21 BERTHIER
598 1762 31 14 de
653 1755 167 22 LASSALLE.

222 1789 69 21 V*
306 1789 140 21 BERTHIER
498 1789 99 27 Bergèa.
738 1789 147 26 [Dimanche]

221 1823 38 21 C"
273 1823 107 26 Adolphe
392 1823 165 20 BERTHIER.

221 1857 51 22 M°"
286 1856 157 23 CARETTE:
454 1856 102 22 Bouoet.

222 1892 31 21 M.
269 1892 18 21 P
310 1891 293 22 CARETTE-BOUVET.

222 1926 32 22 M.
264 1926 106 22 Armand
380 1926 204 21 CHEVANDIER
595 1932 32 15 DE
638 1926 183 22 VALDROME.

219 1962 66 20 !)••»•
301 1960 197 22 d'EICHTHAL:
510 1960 117 27 Bronska.
641 1960 88 27 [Merc.
744 1962 70 26 après
828 1962 11 20 4
853 1960 32 27 h.]

221 1996 67 22 C'
300 2001 31 15 DE
343 1995 38 21 LA
396 1990 233 26 GUIBOURGÈRli.

220 2031 36 21 C>-
272 2029 28 22 et
314 2029 56 22 G'
386 2029 81 20 deLA
483 2024 204 26 GUIBOURGÈRE
743 2028 105 23 Gardes.

222 2065 36 21 C"
273 2067 23 19 et
309 2063 66 22 C1""
390 2068 31 16 DE
436 2063 162 22 MALEVILLE
658 2064 126 22 Berthier.

221 2100 32 21 M.
269 2103 23 17 et
305 2097 50 22 M»»
371 2098 78 20 Pierre
464 2097 170 22 MARCOTTE
652 2104 32 15 DE
704 2093 148 31 QUIVIÈRES

248 2135 60 21 Mac
319 2132 83 22 Bride.

169 2170 28 22 35
225 2169 36 21 C"
273 2171 22 18 et
304 2167 67 21 C1""
381 2173 32 15 DU
425 2166 142 22 CIIAFFAU
575 2166 26 22 LT
645 2166 34 22 Co
686 2167 66 22 lmet.

170 2205 29 21 36
225 2204 31 20 M.
272 2205 23 19 et
308 2202 49 21 M»"
372 2202 54 21 Max
442 2201 164 24 GUTMANN.

226 2237 51 20 M«-
291 2242 31 15 DE
336 2235 81 23 RICCI.
460 2235 158 28 Monteflore.
796 2237 90 31 [Mardi]

1132 195 201 18 HENRI-MARTIN
1351 186 87 32 (Suite)

926 244 26 21 36
977 242 30 21 M.
1019 245 22 18 et
1049 241 51 21 M–
1110 240 105 22 William
1227 239 122 22 SPENCER
1397 239 124 26 Monç/eot.

926 278 26 21 38
978 276 121 22 Chevalier
1114 276 76 21 César
1205 274 122 21 TREZZA
1343 279 32 16 DE
1389 272 154 22 MUSELLA.

927 312 25 21 39
978 311 30 21 M.
1019 311 65 21 Jules
1095 308 163 23 GUTMANN.

978 345 30 22 M.
1019 348 23 18 et
1051 345 51 21 M»«
1112 344 108 27 Georges
1235 343 91 22 HAMOT
1374 342 94 21 André.

928 382 25 20 40
978 380 30 21 M.
1020 383 23 18 et
1052 380 50 20 M°"
1118 379 24 21 L.
1159 377 201 23 BONNEVILLE
1375 383 32 14 DE
1421 375 184 23 MARSANGY.

978 415 31 21 M.
1021 414 107 27 Adolphe
1139 412 154 23 HENTSCH.

927 450 26 21 42
979 446 244 24 C'd'AUBIGNY
1238 445 121 23 D'ASSY:
1379 444 240 22 Busson-Duaieier.

979 484 49 20 M"
1042 483 66 21 Jules
1119 482 158 21 HELLMAN.

979 518 31 21 M.
1021 520 22 19 et
1053 517 49 20 M–
1118 517 98 21 Charles
1232 514 121 23 WHITING
1399 514 91 27 Noya.

929 555 25 20 43
981 554 66 20 P»"«
1057 552 108 21 Edmond
1182 557 31 15 DE
1227 549 137 23 POLIGNAC
1411 550 99 27 Singer.
1552 548 92 27 [Mardi]

1004 589 28 26 [1,
1044 593 42 15 rue
1096 586 157 26 Cortambert]

930 625 23 20 47
981 623 29 21 M.
1023 626 23 17 et
1055 622 50 21 M™
1115 621 66 22 Jules
1191 619 189 23 DESEILLIGNY
1429 617 99 22 Talma.

980 657 31 21 M.
1024 659 23 18 et
1055 656 51 20 M»«
1116 656 108 26 Auguste
1235 654 42 22 DU
1288 654 45 21 BOS
1375 653 134 21 Johnston.

980 692 50 21 M™
1045 691 80 21 Albert
1135 689 75 22 FRIES
1257 689 89 22 Laski.

930 728 24 22 51
982 726 50 21 M"«
1044 731 31 15 DE
1091 725 38 20 LA
1141 723 99 21 FERTE
1255 722 70 22 MEUN
1376 721 88 22 Plaix.

1302 757 127 27 [Mercredi
1442 756 27 21 de
1479 756 13 21 3
1501 757 14 20 à
1531 755 12 26 7
1555 755 89 26 heures]

931 797 25 21 52
982 795 31 21 M.
1029 795 71 21 Henri
1115 792 173 23 DELATTRE.

931 832 25 21 57
983 830 30 21 M.
1038 833 23 17 et
1092 829 50 21 M"'
1166 828 59 22 Paul
1249 827 107 22 DUCUP
1381 832 33 15 DE
1443 824 203 22 SAINT-PAUL:

1007 862 169 24 Bardon-Job.

932 901 25 20 62
984 899 31 22 M.
1026 902 23 18 et
1058 898 50 21 M»-
1119 898 66 21 Léon
1200 896 130 22 GARDNER
1380 895 102 27 Ilarjes.

982 934 32 21 M.
1032 935 24 19 et
1073 933 51 20 M»'
1142 932 63 22 John
1229 931 31 23 H.
1284 930 109 22 HARJES
1455 928 193 23 Heseembrueh.

1555 962 92 27 [Lundi]

981 1002 32 22 M.
1024 1002 29 21 H.
1065 1002 104 21 Herman
1181 1000 117 22 HARJES
1307 999 92 22 Junior.

932 1040 24 21 63
982 1038 31 21 M.
1026 1041 23 18 et
1058 1037 49 21 M-«
1123 1037 104 20 Maurice
1242 1036 85 21 BOREL
1374 1035 39 21 La
1424 1033 117 23 Vernède.
1566 1032 82 28 (Jeudi]

982 1073 31 21 M.
1025 1072 89 21 Arthur
1124 1071 110 21 CAPEL.

983 1107 38 22 C"
1035 1110 23 18 et
1072 1107 68 21 C""°
1155 1112 32 15 de
1201 1104 170 23 ROCHEFORT
1422 1102 137 23 Ganneeal.

983 1141 51 21 M«-
1049 1139 147 22 VANDIER.

983 1176 31 21 M.
1031 1176 79 20 Pierre
1120 1174 149 21 VANDIER.

933 1212 25 20 69
983 1210 24 21 M.
1019 1210 24 21 et
1054 1209 49 21 M«»
1113 1209 90 27 Joseph
1212 1207 155 23 GROSSELIN
1414 1206 237 22 Louvet-Lamarre.

1558 1240 93 26 [Mardi]

984 1279 33 25 M.
1028 1280 96 25 Eugène
1139 1277 157 22 HALPHEN.

935 1316 25 21 70
986 1315 65 22 C'
1062 1321 32 14 DE
1103 1312 171 23 VERBRUGGE
1325 1312 114 21 Benesse.

935 1350 24 21 76
986 1348 70 23 Oet
1071 1348 66 22 C"–
1152 1346 105 23 GACHE
1273 1352 32 15 uE
1319 1346 39 21 LA
1374 1345 104 22 ROCHE
1493 1343 158 23 COURBON.

936 1385 24 20 78
986 1384 51 21 Mm"
1051 1381 94 23 D'AGON
1193 1381 169 21 Tiersonnier.

986 1418 30 21 M.
1028 1420 23 19 et
1065 1417 50 21 M–
1127 1416 88 21 Robert
1230 1414 153 23 BI,ONDEAU
1430 1412 103 27 Moisset.
1545 1412 103 27 [Mercr.]

987 1453 30 21 M.
1035 1455 23 18 et
1080 1452 50 20 M»-
1152 1450 81 21 André
1251 1447 282 24 BEAUVOIS-DEVAUX
1588 1446 66 22 Cha-

1009 1486 84 29 pelles.

936 1528 25 20 78
971 1526 35 22 bis
1018 1526 31 21 M.
1059 1529 23 18 et
1092 1525 50 21 M»'
1153 1524 90 22 Robert
1259 1523 149 22 BLONDEAU
1462 1522 111 21 Moisset.
1585 1520 68 27 [Mer-

986 1587 51 21 M--
1047 1586 165 22 MAC-LANE.
1580 1555 73 26 credi]

986 1587 51 21 M-
1047 1586 165 22 MAC-LANE.

987 1622 30 21 M.
1029 1624 22 19 et
1061 1621 50 21 M»»
1127 1621 76 27 Percy
1219 1619 138 22 PEIXOTTO
1402 1617 149 22 Sadowska.

935 1658 26 21 82
987 1657 34 21 M.
1033 1658 23 19 et
1067 1655 49 22 M-
1131 1655 69 21 T.-M.
1212 1653 134 22 CLARKE.
1400 1653 42 26 [1«
1452 1652 20 21 et
1482 1652 20 21 3»
1515 1649 139 26 Mercredis]

936 1692 26 21 85
988 1691 33 21 M.
1031 1693 23 18 et
1065 1690 49 21 M"'
1125 1688 135 22 Charles-
1276 1685 198 24 WADDINGTON
1525 1685 102 26 llarjei.

987 1725 31 21 D'
1027 1727 23 18 et
1060 1724 50 21 M»«
1120 1723 67 21 L.-M.
1201 1719 243 24 WORTHINGTON
1456 1719 39 26 [1"
1506 1721 23 18 et
1538 1718 23 21 3«
1570 1718 84 26 Mère.]

936 1761 25 20 87
989 1759 31 21 M.
1031 1762 23 17 et
1062 1758 51 21 M»«
1123 1758 106 21 Gustave
1239 1755 84 23 CANET
1368 1753 169 28 Dupasquier.

1308 1788 140 26 [Dimanche
1458 1789 70 24 après
1538 1787 13 26 4
1564 1787 91 26 heures]

990 1827 48 21 M»-
1053 1825 90 22 Marcel
1158 1822 146 24 GEOFFRAY
1356 1821 165 22 Douvreleur.
1562 1820 91 28 [Mardi]

990 1862 41 21 B«
1042 1866 31 15 DE
1084 1857 233 24 MATOS-VIKIRA.

989 1896 30 21 M.
1035 1895 81 27 Henry
1132 1894 24 21 P.
1168 1892 205 22 MOOItIlOUSE.

938 1931 25 21 89
990 1930 31 21 M.
1032 1929 89 21 Marcel
1133 1926 174 23 BLANCHET.

989 1964 31 22 M.
1032 1966 22 19 et
1065 1964 50 20 M»'
1125 1962 100 22 Charles
1236 1961 125 21 GEORGI.

991 1999 42 21 B«
1047 2000 22 19 et
1080 1998 62 21 H""
1155 1996 80 22 André
1250 2001 32 16 DE
1296 1995 40 22 LA
1352 1994 200 23 HOUILLER1E:
1570 1994 85 26 Beyoli

1016 2032 29 21 de
1055 2032 36 21 La
1101 2031 123 22 Rouzière

991 2067 49 22 M»'
1051 2072 32 16 DE
1095 2065 64 22 PUSY
1204 2064 112 22 Plineal.

939 2103 26 21 90
991 2102 50 21 M-
1052 2101 57 21 Paul
1120 2099 172 22 LEBEAULT.

939 2137 25 21 9-2
991 2135 30 23 M.
1037 2137 23 19 et
1076 2135 51 21 M»'
1145 2134 55 22 Otto
1215 2133 160 22 BEMBEKG.

939 2172 26 21 91
992 2171 49 20 M–
1051 2168 117 22 l'Amirale
1180 2168 90 21 BUGE.
1524 2164 131 29 [Mercredi]

991 2205 50 22 M"
1051 2204 65 21 L.-O.
1127 2203 139 22 MASSELIN
1312 2202 178 23 Prodhomme.

991 2240 31 21 M.
1033 2242 23 19 et
1065 2239 50 22 M"'
1126 2238 106 23 Maurice
1247 2237 75 23 MAX.
