1749 2481
409 88 88 33 NICE
689 89 346 32 ALPES-MARITIMES
1202 89 88 31 NICE

430 185 136 37 VUE
618 178 351 43 GÉNÉRALE
1026 184 83 35 DE
1170 184 146 36 NICE

702 1315 106 23 NICE.
869 1315 171 22 Panorama

132 1350 32 150 ï
562 1396 364 30 TOPOGRAPHIE
960 1394 66 31 DE
1060 1394 116 30 NICE

196 1501 37 23 La
242 1501 61 23 ville
317 1504 39 20 est
371 1501 80 23 située
466 1501 16 22 à
496 1500 153 23 l'extrémité
664 1500 65 23 nord
740 1500 60 22 d'un
814 1499 70 30 golfe
898 1499 211 24 semi-circulaire
1123 1499 91 30 appelé
1227 1499 69 23 Baie
1310 1499 48 23 des
1367 1501 97 28 Anges,
1476 1502 24 20 et
1514 1499 96 24 abritée

137 1546 47 24 par
200 1546 49 17 une
264 1539 92 23 chaîne
372 1539 31 23 de
419 1541 152 27 montagnes
586 1538 44 30 qui
647 1538 97 23 s'étend
758 1538 123 30 jusqu'au
894 1537 98 30 glacier
1006 1537 44 23 des
1067 1537 87 30 Alpes.
1173 1538 35 22 Le
1222 1539 97 21 torrent
1334 1537 131 30 pierreux,
1480 1538 93 30 appelé
1587 1537 22 23 le

138 1577 117 29 Paillon,
277 1577 82 23 divise
380 1577 25 23 la
422 1577 61 23 ville
501 1584 31 15 en
548 1576 70 23 deux
638 1575 99 31 parties
753 1577 16 22 à
788 1582 50 24 peu
860 1576 58 30 près
932 1575 99 30 égales.
1050 1577 41 22 Au
1106 1577 86 22 centre
1207 1578 38 21 est
1259 1575 24 23 la
1299 1575 65 23 belle
1378 1576 74 30 place
1471 1576 137 27 Masséna,

139 1616 93 24 bordée
245 1616 31 23 de
291 1616 116 23 maisons
421 1615 16 22 à
450 1615 120 23 arcades.

198 1660 36 23 La
247 1659 117 24 douceur
380 1658 35 23 du
429 1658 91 23 climat
534 1658 32 23 de
581 1657 64 24 Nice
659 1660 40 21 est
712 1657 190 30 remarquable,
914 1658 79 29 grâce
1007 1658 15 22 à
1037 1664 29 16 sa
1076 1656 121 24 situation
1213 1656 105 31 unique.
1331 1656 154 31 Cependant,
1496 1657 114 30 quoique

138 1698 23 24 le
182 1698 68 24 froid
269 1698 51 23 soit
341 1699 16 21 à
376 1697 73 30 peine
468 1696 125 28 sensible,
614 1696 19 24 il
652 1698 39 21 est
710 1695 62 24 utile
788 1696 31 23 de
834 1702 27 16 se
876 1695 88 24 méfier
978 1695 44 24 des
1042 1695 131 30 brusques
1192 1695 187 31 changements
1393 1696 32 23 de
1438 1696 172 30 température

138 1737 44 29 qui
198 1736 166 24 surviennent
377 1743 33 16 au
427 1735 116 24 coucher
556 1735 33 23 du
605 1735 83 27 soleil,
704 1736 24 21 et
742 1734 31 23 de
788 1742 28 15 se
830 1734 205 30 précautionner,
1051 1741 34 16 au
1100 1734 99 27 besoin,
1211 1734 60 24 d'un
1285 1734 72 30 léger
1371 1734 149 29 pardessus.

198 1779 48 22 Les
267 1778 158 30 principales
440 1778 137 23 curiosités
592 1777 30 24 de
637 1777 65 24 Nice
717 1779 57 22 sont
789 1777 24 23 le
827 1777 101 23 chemin
944 1777 159 30 pittoresque
1118 1777 71 23 des
1208 1777 155 23 Ponchettes
1377 1786 22 19 »,
1419 1777 69 23 taillé
1501 1777 65 23 dans
1585 1777 25 22 la

138 1817 88 28 roche,
238 1823 45 17 sur
298 1817 24 22 le
339 1816 62 23 bord
413 1816 31 23 de
458 1816 27 23 la
500 1822 62 23 mer,
577 1818 25 20 et
616 1815 25 23 la
656 1816 99 23 Tour
770 1815 126 24 Bellanda
912 1824 21 20 »,
948 1815 59 23 d'où
1024 1815 51 23 l'on
1090 1815 67 29 jouit
1171 1815 75 23 d'une
1262 1822 48 16 vue
1325 1815 134 30 splendide
1476 1822 46 17 sur
1535 1815 74 27 Nice,

139 1854 25 23 la
179 1855 82 23 vallée
277 1855 35 22 du
332 1854 102 23 Paillon
448 1856 24 21 et
487 1853 27 23 la
531 1860 63 16 mer.

198 1897 37 22 La
254 1895 152 31 population
424 1895 53 23 fixe
497 1897 39 21 est
554 1895 32 23 de
601 1894 86 28 95,000
705 1894 132 23 habitants
859 1894 118 29 environ;
1001 1896 25 21 et
1045 1894 51 24 l'on
1113 1897 61 27 peut
1192 1894 104 24 évaluer
1317 1896 16 22 à
1349 1894 59 31 plus
1425 1895 31 23 de
1469 1895 85 28 80,000
1572 1895 37 23 les

138 1933 74 24 hôtes
227 1931 106 30 d'hiver,
349 1933 151 23 e'esUàdiie
514 1932 25 23 la
554 1932 152 31 population
721 1932 122 29 flullaiile,
858 1933 138 30 composée
1011 1932 31 23 de
1057 1932 25 23 la
1095 1932 60 30 plus
1169 1932 78 23 haute
1261 1933 163 23 aristocratie
1438 1934 170 29 européenne.

199 1976 41 24 On
254 1983 16 17 a
281 1976 140 31 justement
434 1974 80 24 défini
534 1975 25 23 la
572 1974 61 24 ville
649 1974 32 24 de
698 1974 67 24 Nice
783 1974 152 24 l'hôtellerie
949 1974 152 31 indulgente
1116 1976 25 21 et
1153 1973 78 25 facile
1245 1974 34 24 du
1298 1974 95 24 frileux
1409 1974 43 31 qui
1471 1974 68 24 aime
1552 1975 16 23 à
1582 1981 28 17 se

138 2014 113 26 divertir.

198 2058 82 24 Nizza
297 2058 24 23 la
335 2056 90 24 Bella!
443 2056 51 27 Qui
514 2056 42 23 n'a
578 2056 98 30 poussé
696 2063 28 16 ce
743 2055 37 24 cri
798 2051 192 32 d'admiration,
1013 2063 31 16 en
1065 2057 98 28 voyant
1181 2055 25 23 la
1224 2055 77 24 noble
1320 2055 51 25 cité
1389 2056 81 31 noyée
1487 2056 65 24 dans
1570 2056 39 24 les

139 2103 121 17 caresses
276 2096 35 24 du
327 2095 73 24 soleil
418 2097 25 21 et
463 2094 149 24 mollement
632 2094 114 24 couchée
763 2094 64 23 dans
845 2101 42 17 ses
905 2093 108 24 collines
1029 2093 140 30 d'orangers
1220 2094 49 23 Les
1284 2094 77 24 villas
1374 2095 31 23 de
1426 2094 64 24 Nice
1509 2102 29 16 se
1554 2095 55 23 font

138 2142 149 23 remarquer
300 2141 48 24 par
361 2141 51 17 une
426 2133 145 30 végétation
587 2133 126 31 puissante
761 2133 63 23 elles
838 2135 43 21 ont
895 2132 111 32 précédé
1022 2132 80 24 celles
1116 2132 31 24 de
1162 2132 109 24 Cannes.
1296 2134 49 23 Ses
1363 2133 173 31 promenades
1550 2135 59 22 sont

138 2173 116 24 célèbres
270 2173 65 23 dans
350 2173 24 23 le
389 2172 92 24 monde
496 2172 86 23 entier.
