1749 2481
402 113 144 31 CANNES

697 111 349 32 ALPES-MARITIMES

1216 113 145 31 CANNES

156 207 106 21 Ohlsen
276 205 149 30 (Chevalier),
438 205 58 22 villa
509 204 109 28 Picciolo,
632 205 91 22 chemin
737 204 29 23 de
779 205 74 22 Beau-

186 235 91 29 Séjour.

155 275 136 21 Ottenfels
306 273 70 30 (B"»"'
391 273 41 29 d'),
449 272 78 28 chalet
540 272 65 28 Eden,
620 276 67 20 route
696 272 128 23 d'Antibes.

158 312 149 23 Ourousoff
320 311 45 27 (P"
379 315 23 19 et
417 311 80 29 P"),
513 311 62 24 boul.
591 311 130 23 Alexandre
739 311 38 26 III,
798 310 57 24 villa

185 340 151 24 Elisa-3Iarie.

156 382 104 25 Outrey
279 379 95 29 (Henri),
390 379 56 23 villa
461 380 21 22 la
497 379 113 29 Favorite,
627 379 62 22 boni,
707 379 21 22 la
738 378 114 23 Favorite.

155 496 86 25 Paget
255 493 74 31 (Lady
343 494 48 28 A.),
409 496 27 26 gjj
454 493 143 30 Garibondy,
614 493 74 22 chem.
705 491 147 32 Garibondy.

155 533 102 21 Parent
272 531 58 30 (M.),
341 531 23 30 9,
379 531 127 23 boulevard
522 531 93 24 Carnot.

156 571 144 26 Parlaghy
315 569 57 30 (M.),
386 571 37 26 28,
438 576 42 16 rue
493 569 127 23 d'Antibes.

156 610 99 20 Pascal
268 608 42 29 (I)')
329 608 31 29 [et
374 607 46 23 M™
433 609 42 21 née
485 608 126 29 Barbey),
627 609 22 27 2,
663 608 69 29 place
746 608 29 22 du
791 608 64 22 Coin-

186 645 206 31 mandant-Lamy
402 646 33 29 [I
454 647 43 22 614
513 650 24 19 et
551 646 60 29 080],

157 688 98 24 Payan
269 685 140 27 d'Augery
424 684 57 29 (M.),
495 684 57 22 villa
565 684 92 27 Denise,
678 683 127 23 boulevard
826 683 29 23 de

186 714 22 22 la
223 714 123 22 (Noisette.

156 749 102 21 Péarce
273 748 72 29 (M"'),
357 748 60 29 villa
435 748 126 22 Beau-Site.

156 789 123 20 Pearson
294 785 81 30 (Miss),
390 785 57 23 villa
460 786 33 23 les
506 786 107 30 Algaves,
628 790 69 18 route
715 785 30 23 de
758 785 92 30 Fréjus.

156 826 148 26 Pequillan
320 823 48 30 (M.)
390 826 14 20 à
417 824 212 27 Mouans-Sartoux,
652 823 57 24 villa
723 824 129 30 Péquillan.

155 865 121 26 Pergina
291 862 54 30 (M""
359 862 47 30 de),
420 864 38 26 91,
473 869 41 16 rue
529 863 28 22 de
572 863 90 29 Fréjus.

155 903 104 26 Phelps
271 900 128 30 (Révérend
413 905 23 19 et
449 900 72 29 M"*),
535 900 87 29 chemin
641 900 29 24 de
693 900 22 24 la
737 900 117 30 Peyrière,

184 931 57 23 villa
256 931 21 23 la
291 930 135 24 Madeleine.

156 971 96 22 Poizat
267 969 74 29 (M™0),
356 969 56 23 villa
426 968 112 30 Virginie,
553 968 90 24 chemin
655 968 26 30 de
694 968 158 30 Beau-Séjour.

157 1009 133 27 Polignac
305 1007 47 28 (P»
365 1011 23 18 et
402 1007 63 22 P""°
481 1007 97 23 Camille
592 1008 36 28 de)
644 1007 51 30 [née
709 1009 109 25 Knight
832 1007 25 22 of

185 1037 189 29 Wolverley],
385 1037 63 22 boul.
464 1038 22 21 la
500 1037 123 27 Croisette,
637 1037 57 22 villa
707 1036 81 23 Jessie.

158 1077 152 26 Pontfarcy
325 1075 73 29 (Ve"*
408 1075 37 29 de)
455 1075 52 30 [née
519 1074 167 31 deLorière],
701 1074 56 24 villa
771 1074 28 23 de
814 1074 43 23 Lo-

187 1106 70 27 rière,
268 1106 46 27 ruie
329 1105 119 23 d'Oxford.

158 1147 90 24 Porge
263 1144 57 29 (Dr),
334 1150 42 16 rue
389 1143 130 27 d'Antibes,
533 1143 57 24 villa
604 1142 93 25 Cecilia.

157 1184 149 21 Pourtalès
321 1182 44 28 (C'°
375 1181 103 23 Bernard
493 1182 46 30 de),
547 1182 58 23 villa
612 1181 148 31 Marguerite,
769 1188 89 23 prome-

186 1213 61 22 nade
257 1212 29 22 de
300 1213 23 21 la
337 1212 124 22 Croisette.

158 1251 147 22 Pourtalès
320 1249 45 29 (O
380 1253 22 19 et
423 1249 60 23 C'"1"
497 1249 104 31 Auguste
615 1249 36 30 de)
667 1249 51 31 [née
736 1249 28 24 de
785 1252 71 21 Bus-

188 1280 105 30 sierrej,
309 1280 75 22 même
399 1280 100 24 adresse.

160 1321 106 21 Pouzet
281 1318 56 29 (Dr),
353 1319 21 27 1,
385 1325 41 16 rue
440 1317 107 24 Bivouac.

158 1358 152 22 Proudfoot
333 1356 36 30 (AI.
390 1360 24 18 et
432 1355 65 31 M"*),
515 1362 42 16 rue
575 1355 30 23 du
625 1355 53 29 Lac,
693 1356 57 22 villa
771 1355 85 23 Marie-

187 1387 118 27 François.

160 1425 81 28 Pyck
257 1425 37 29 (M.
314 1427 23 20 et
351 1424 66 29 M~"),
433 1423 56 22 villa
502 1423 114 28 Belmont,
631 1423 92 23 chemin
741 1423 29 23 de
783 1424 74 21 Béné-

185 1459 50 22 fiat.

150 1544 142 28 •Quilliam
307 1541 75 29 (M™),
397 1548 87 17 avenue
497 1540 29 24 de
540 1540 89 28 Lerins,
645 1540 57 23 villa
716 1540 85 24 Laura.

159 1636 152 22 Badziwill
334 1634 44 29 (P™
401 1638 21 19 et
437 1633 55 30 P«""
505 1633 151 30 Constantin)
682 1634 51 29 [née
753 1634 106 30 Blanc],

189 1665 65 22 villa
267 1665 39 22 des
319 1665 78 22 Dunes.

160 1703 246 26 Ramon-Concha,
430 1701 91 23 chemin
539 1701 40 23 des
596 1701 145 30 Vallergues,
760 1702 57 23 villa
839 1701 22 24 le

189 1732 160 30 Châtaignier.

161 1768 503 29 Raousset-Soumabre(C"etC'de),
673 1768 58 24 villa
738 1769 121 23 St-Pierre.

160 1809 148 26 Raymond
322 1807 40 29 (J),
378 1808 136 29 Ingi'nieur,
530 1808 36 26 13,
580 1813 43 15 rue
636 1807 28 21 de
678 1807 124 23 Provence.

161 1847 107 22 Rendel
290 1844 110 30 (Stuart),
418 1844 92 24 chemin
531 1843 161 31 Beau-Séjour,
717 1844 97 24 château
834 1844 28 24 de

191 1875 119 23 Florence.

163 1915 105 22 Rendel
283 1912 89 30 (Lord),
386 1914 29 27 tfô
428 1911 27 28 de
468 1911 109 28 Thorenc,
591 1911 75 25 chemin
678 1911 25 25 de
715 1911 113 25 Bénètiat.

164 1954 123 21 Revillet
302 1951 56 30 (D'),
371 1953 39 25 99,
424 1957 42 16 rue
485 1950 127 23 d'Autibes.

165 1991 173 22 Richardson
350 1988 57 30 (M.),
418 1988 57 30 villa
486 1988 173 30 Scfton-Lodjçe,
668 1988 64 23 boul.
743 1988 119 24 d'Oxford.

164 2030 108 21 Richou
288 2027 75 29 (M™*),
378 2034 41 16 rue
433 2027 102 27 Borniol,
550 2027 57 23 villa
620 2027 198 23 Marie-Mathilde.

166 2067 92 22 Ridett
273 2065 58 30 (M.),
345 2066 57 23 villa
417 2065 88 28 Ridett,
520 2068 66 19 route
601 2065 28 23 de
643 2065 89 30 Fréjus.

166 2106 95 23 Ridler
275 2104 57 29 (de),
347 2104 63 23 hôtel
425 2103 164 30 Beau-Rivage.

166 2145 94 25 Rielly
280 2142 147 29 (Révérend),
455 2142 90 22 chemin
568 2141 28 23 de
615 2141 22 23 la
657 2142 207 29 Croix-des-Gares,

195 2171 62 24 villa
269 2171 148 24 Bella-Vista.

168 2212 143 22 Rimbault
325 2210 55 30 (C.),
395 2210 144 28 Architecte,
555 2211 35 28 19,
605 2217 41 16 rue
660 2210 153 24 Félix-Faure.

908 206 177 27 Rincquesen
1099 205 38 29 (M.
1153 209 23 18 et
1191 204 46 24 M™"
1249 206 50 29 de),
1314 205 56 23 villa
1385 205 32 23 les
1433 205 141 31 Rossignols.

908 244 112 21 Rivoire
1035 242 72 31 (M11"),
1122 243 135 29 Californie,
1270 243 59 24 Villa
1347 243 126 24 Orientale.

908 284 102 20 Robert
1024 281 36 28 (M.
1076 287 23 17 et
1122 281 65 31 M™*),
1203 282 90 23 chemin
1316 282 29 22 de
1360 282 146 30 Vallergues,
1530 282 77 22 chatet

936 311 106 23 Amable.

908 350 263 29 RocnecJb.ouart(M"
1184 354 22 18 et
1217 350 41 29 M'"
1271 350 41 29 de)
1334 350 51 30 [née
1403 350 28 23 de
1450 352 158 20 Malestroit

936 379 29 23 de
979 381 91 29 Bruc],
1084 380 57 22 villa
1156 380 121 31 Gergovia,
1291 384 69 19 route
1374 379 28 23 de
1416 380 90 30 Fréjus.

908 418 189 23 Rochetaillée
1116 418 49 28 (B°°
1183 417 47 31 de),
1250 418 57 23 villa
1325 418 29 24 de
1373 418 167 29 Rochetaillée,
1558 418 50 23 che-

937 447 49 22 min
999 447 165 24 d'Isola-Bella.

908 493 156 24 Rothschild
1088 495 69 29 (B"
1182 494 47 30 de),
1247 495 54 23 villa
1327 494 145 29 Itothschild,
1493 498 68 19 route
1580 495 28 22 de

936 532 90 29 Fréjus.

908 573 124 20 Roustan
1048 571 56 29 (F)'),
1119 572 36 26 38,
1171 578 43 16 rue
1227 571 129 23 d'Antibes.

908 609 114 22 Rudloff
1040 609 65 29 (B*™*
1118 609 52 29 de),
1191 609 56 24 villa
1261 609 227 31 Rose-des-Faycres,
1516 609 92 23 chemin

936 646 29 24 de
978 647 111 24 Bénéfiat.

908 743 92 25 Saglio
1018 742 110 29 (Florent)
1159 742 32 29 [et
1204 741 47 23 .11""
1274 743 41 22 née
1335 741 130 30 Catoire],
1485 741 63 23 hôtel
1565 741 43 23 des

937 779 62 23 Pins.

908 814 206 23 Saint-Chéron
1129 814 56 29 (M»«
1200 814 46 31 de),
1261 814 56 23 villa
1331 813 29 24 de
1374 814 22 22 la
1411 814 124 30 Croisette,
1548 814 71 22 bou->-

939 852 78 23 levard
1031 852 28 23 de
1075 852 22 23 la
1111 851 123 24 Croisette.

909 891 194 22 Saint-Genest
1118 891 48 29 (B°«
1180 890 47 30 de),
1242 890 57 23 villa
1312 891 31 22 du
1358 891 100 30 Teruay,
1473 890 92 23 chemin
1578 889 31 24 du

938 924 132 23 Petit-Juas.

909 963 196 23 Saint-Genest
1120 963 48 23 iB°"
1182 967 22 19 et
1218 962 63 23 h""
1296 961 47 31 de),
1359 962 91 23 chemin
1464 962 29 23 de
1511 962 98 23 Vallau-

938 996 42 29 ris,
994 996 58 23 villa
1066 996 170 24 Rose-Dèsirée.

909 1036 201 21 Saint-Hilaire
1126 1035 55 29 (Mm.
1191 1036 48 28 de),
1249 1036 57 22 villa
1317 1035 131 28 St-Hilaire,
1459 1042 18 15 r.
1491 1034 118 23 d'Oxford.

910 1074 177 21 Saint-Sever
1100 1075 97 27 Pagès,
1211 1080 42 16 rue
1267 1073 29 23 de
1310 1073 23 23 la
1348 1073 99 27 Colline,
1457 1073 59 23 villa
1529 1073 82 23 Marie-

939 1106 121 23 Pierrette.

910 1146 203 22 Saint-Trivier
1128 1145 48 28 (B°M
1194 1146 48 29 de),
1257 1145 58 24 villa
1333 1146 41 23 des
1392 1145 131 28 Anthémis,
1539 1153 71 22 quar-

938 1179 45 22 tier
997 1179 29 22 de
1041 1179 120 22 ïerrelial.

910 1218 191 23 Saint-Victor
1128 1217 57 30 (de),
1209 1217 57 23 villa
1290 1217 99 29 Morose,
1417 1217 93 23 chemin
1537 1217 28 23 de
1589 1217 22 23 la

939 1250 223 25 Croix-des-Gardes.

911 1291 191 22 Saint-Victor
1117 1289 102 30 (Gabriel
1235 1290 47 29 de),
1296 1290 58 23 villa
1367 1289 202 24 Marie-Caroline.

911 1329 127 23 Salvator
1055 1328 89 31 (Remy)
1161 1329 32 29 [et
1209 1329 46 22 M»*
1270 1329 42 22 née
1327 1330 78 27 Pouy
1420 1330 31 21 de
1467 1328 70 30 Bat],
1556 1328 56 22 villa

940 1361 194 25 Claire-Antoine.

911 1403 158 21 Sandeman
1098 1399 73 29 (M™*),
1200 1400 91 23 chemin
1318 1400 29 24 de
1375 1400 114 25 Bénéfiat,
1521 1404 91 25 cottage

941 1435 139 22 A'.exander.

912 1475 118 21 Sanders
1046 1472 36 29 (M.
1099 1476 24 19 et
1139 1472 66 30 Mm"),
1221 1473 92 23 chemin
1336 1473 29 22 de
1379 1473 162 29 Beau-Séjour,
1556 1472 57 23 villa

941 1506 67 23 Nina.

912 1546 120 26 Sartiges
1047 1544 70 29 (C""e
1132 1544 47 29 de),
1194 1549 68 19 route
1276 1544 28 24 de
1324 1544 88 30 Fréjus,
1431 1545 59 23 villa
1508 1544 21 24 le
1547 1544 64 23 Midi.

912 1585 127 25 Sauvage
1054 1582 37 29 (M.
1106 1586 24 20 et
1143 1582 66 31 Mm'),
1223 1583 66 30 place
1299 1584 32 22 du
1346 1583 208 31 Masque-de-Fer,
1569 1586 45 18 cot-

941 1620 53 26 tage
1008 1616 117 23 Germain.

913 1655 138 27 Schenley
1065 1654 66 29 (M"),
1146 1654 58 24 villa
1217 1653 159 29 Mont-Fleuri,
1391 1654 91 23 chemin
1501 1652 29 24 de
1544 1652 70 24 Mont-

943 1687 85 23 Fleuri.

914 1728 129 21 Schussel
1059 1726 102 31 (Emile),
1178 1728 21 27 1,
1214 1727 127 23 boulevard
1358 1726 93 23 Carnot.

914 1765 143 22 Schwartz
1073 1764 35 30 (M.
1122 1769 22 18 et
1155 1764 47 23 M°"
1217 1765 114 29 Charles),
1347 1763 126 24 boulevard
1484 1763 29 23 de
1524 1763 21 23 la
1555 1762 60 25 Croi-

943 1797 67 24 sette,
1026 1794 55 23 villa
1098 1794 185 23 Saint-Laurent.

914 1833 74 21 Scott
1014 1834 149 27 Mackirdy
1185 1833 57 29 (M.),
1264 1832 56 23 villa
1340 1832 169 31 Beau-Regard,
1532 1831 83 24 boule-

945 1860 56 23 vard
1018 1861 127 24 Beau-Site.

916 1900 89 22 Selles
1020 1899 46 29 (Vl°
1080 1904 24 18 et
1117 1900 65 22 V1"'1"
1197 1899 47 30 de),
1260 1904 67 18 route
1346 1900 29 23 de
1393 1900 91 31 Fréjus,
1503 1902 37 25 70,
1559 1899 58 23 villa

946 1928 33 23 les
994 1928 151 31 Eucalyptus.

916 1968 148 21 Serrallier
1078 1966 75 30 (M"«),
1169 1967 57 23 villa
1240 1967 147 29 Rose-Marie,
1411 1967 128 23 boulevard
1552 1967 28 23 de
1595 1967 23 22 la

946 1999 123 23 Croisette.

916 2039 157 27 Silvansky
1093 2038 35 29 (E.
1151 2038 47 31 de),
1218 2039 56 25 villa
1297 2041 31 23 du
1351 2039 121 27 Méridien,
1499 2042 68 20 route
1588 2037 30 24 de

946 2067 90 31 Fréjus.

917 2105 127 24 Simonin
1052 2105 74 32 (M"*),
1137 2107 64 23 boul.
1211 2108 29 22 de
1250 2108 21 23 la
1279 2108 117 31 Peyreire,
1406 2107 57 23 villa
1473 2107 33 23 les
1512 2107 107 23 Pinsons.

917 2145 89 21 Sivell
1021 2144 127 31 (Captain),
1163 2146 57 23 villa
1234 2146 28 24 de
1275 2147 126 27 Provence,
1412 2144 82 25 chemin
1507 2144 27 25 de
1547 2144 69 25 Mont-

946 2173 49 22 nal.

918 2213 83 22 Smits
1016 2211 37 30 (Dr
1065 2211 25 30 et
1105 2213 61 29 M™«},
1178 2213 61 29 villa
1255 2215 22 23 la
1292 2212 116 26 Roseraie.
