1749 2481
1159 102 120 43 Pigalle
1297 101 87 44 (rue)

300 109 276 32 Pierre-Charron
594 107 88 42 (rue)

349 208 242 19 PIERRE-CHARRON
608 201 87 31 (lUlte)

167 252 25 21 46
219 251 29 21 M.
263 254 24 18 et
301 250 49 21 M-
366 251 88 21 Lucien
468 250 147 22 ROLLAND
631 248 124 23 d'ESTAPE
801 247 72 21 Jour-

243 280 69 22 dain.

168 316 24 20 47
218 314 31 22 M.
260 314 108 22 Edmond
377 314 141 22 ARMAND.

217 348 30 22 M.
258 348 106 22 Maurice
374 348 141 22 ARMAND.

218 384 29 20 M.
265 387 24 17 et
298 384 50 20 M»»
363 383 56 21 Paul
431 389 31 14 nE
478 381 224 23 CHATELPERRON
752 381 119 21 Barante.

219 419 39 21 V"
275 424 32 16 DE
322 418 167 22 CHAZELLE.

219 453 40 21 M"
270 456 23 18 et
306 452 51 22 M'"
368 458 33 16 de
415 451 190 22 PONTCHARRA
659 450 76 22 lïiriê.

219 488 29 20 M.
264 491 23 17 et
301 486 34 22 M–
352 486 85 22 Louis
452 485 148 23 SALANSON
655 485 104 27 Tripier.

218 522 39 22 V"
272 525 22 17 et
306 520 68 21 V'
389 526 33 16 DE
432 520 87 22 VALON
565 519 154 22 Saint-Léon.
739 516 133 29 [Vendredi]

168 557 27 21 48
220 556 30 20 M.
266 555 90 21 Marius
366 552 130 24 MARTIN'.

219 590 30 21 M.
261 593 24 18 et
298 589 50 21 M»'
360 590 71 20 Henri
447 588 102 22 MARTIN
599 588 72 28 Foye.

167 625 26 21 49
219 624 31 21 M.
264 624 104 26 Jacques
380 629 30 15 DE
421 623 135 21 LAPISSE.

165 660 28 20 50
219 659 30 20 M.
260 661 23 18 et
293 658 49 21 M«
352 658 110 21 Edouard
478 658 82 21 SERRE
607 657 128 22 Lacombe.

219 694 29 21 Dr
258 693 27 22 et
298 693 40 22 M"»
355 693 97 26 Eugène
461 692 121 22 TERRIEN
628 692 137 26 DhwUque.

169 751 21 20 51
220 749 41 21 M"
272 754 32 17 DE
314 742 220 28 BARTHÉLÉMY.
635 722 21 27 [3
664 722 113 27 premiers
786 719 88 27 Jeudis]

169 751 21 20 51
220 749 41 21 Mi.
272 754 32 17 DE
314 748 220 22 BARTHELEMY.

220 783 31 22 M.
262 787 23 17 et
295 783 50 21 M–
359 783 24 21 F.
393 782 124 23 BASTARD
565 782 137 22 Bellescize.

221 818 41 21 yt.
286 821 23 18 et
325 818 71 21 V'
416 824 32 14 DE
466 815 168 24 BELLESCIZE
693 814 124 29 Pignatel.

786 844 89 27 [Mardi]

221 883 51 21 M"
286 882 64 21 Léon
365 881 132 22 COLLET:
512 881 109 22 Kaulek.
785 879 91 27 [Mardi]

223 917 29 21 M.
269 920 23 18 et
307 917 50 20 M»'
370 917 114 25 François
499 923 32 14 nE
544 917 40 20 LA
597 913 89 24 MOTTE
737 915 102 21 Moutis.

222 952 51 21 M–
284 957 47 16 DES
345 951 97 22 MOUTIS
489 952 116 25 Chégoin.
765 948 112 27 [Samedi]

222 987 25 21 Dr
259 987 25 21 et
294 987 50 20 M»'
358 986 105 22 Armand
478 986 136 22 OCAMPO.
788 983 89 26 [Mardi]

167 1022 30 22 53
222 1021 52 22 Duc
288 1024 23 18 et
325 1022 59 20 D""
398 1015 82 27 FÉRY
494 1019 164 23 d'ESCLANDS
711 1018 166 23 Casablanca.

787 1048 90 27 [Lnndi]

222 1077 36 21 C"
275 1070 81 28 FÉRY
370 1077 193 22 D'ESCLANDS.
787 1048 90 27 [Lundi]

224 1112 75 20 B"et
311 1111 64 21 B-–
386 1108 493 29 "DELANDEVOISINjFeVjrd'-Esciararts.

788 1138 90 27 [Lundi]

224 1172 36 21 C"
276 1174 22 19 et
312 1171 66 22 C"
393 1172 73 21 Henri
481 1171 102 22 LESTRE
637 1170 85 22 Tarbé.
748 1169 130 26 [Mercredi]

226 1206 38 21 C"
276 1206 67 21 René
357 1206 127 21 LESTRE.

225 1240 31 21 M.
268 1243 23 18 et
304 1240 50 21 M»'
365 1240 100 22 MARS
477 1240 142 21 Bonuoisin.

225 1274 31 21 M.
271 1278 23 18 et
303 1274 50 21 M–
364 1274 104 21 Maurice
482 1268 113 27 PÉREIRE
646 1272 120 27 Gauthey.

170 1310 30 20 Si
226 1309 30 20 M.
272 1311 22 19 et
304 1309 50 21 M»"
365 1308 63 21 Léon
443 1306 211 23 PELLETREAU.

171 1344 30 20 55
225 1343 32 21 M.
266 1345 24 19 et
298 1342 50 21 M"">
355 1342 90 21 Gaston
453 1341 114 22 ADELINE
608 1340 128 22 Delondre.
746 1339 132 28 [Mercredi]

225 1378 51 20 Duc
297 1379 23 18 et
340 1377 59 20 D""
418 1382 32 15 DE
469 1376 150 21 CAUMONT
643 1380 30 15 DE
697 1374 39 21 LA
761 1374 83 21 FORCE

252 1411 90 21 Maillé
350 1411 29 20 de
393 1411 40 20 La
448 1410 68 21 Tour
530 1409 111 26 Landry.

225 1446 42 21 M"
277 1451 33 15 DE
320 1444 152 23 CAUMONT
486 1450 31 15 DE
533 1444 37 21 LA
585 1443 107 22 FORCE.

225 1480 52 21 M–
291 1479 82 21 Albert
387 1478 157 22 HARTMANN
599 1478 88 21 Marti.

170 1516 27 20 m
225 1514 37 21 C"
285 1515 24 19 et
329 1513 66 21 C"–
418 1513 58 21 Paul
505 1519 31 15 DE
569 1511 180 22 BONVOULOIR
801 1511 80 26 Lepet-

252 1548 105 21 Cointet.

226 1583 37 21 C"
278 1585 24 18 et
312 1583 66 20 C'"»
388 1588 33 15 DE
431 1580 140 23 LESTRADE
619 1580 101 21 Hamot.

226 1621 30 21 M.
273 1623 22 19 et
309 1621 50 21 Mm<
374 1620 90 22 Gaston
475 1620 99 21 ROUX:
586 1619 151 27 Alamagny.
749 1617 130 28 [Mercredi]

226 1656 37 20 C"
277 1656 100 20 Antoine
392 1655 111 21 ROZAN.

225 1690 43 20 B"
279 1689 105 21 Bernard
400 1695 31 15 DE
442 1689 149 21 SAMBUEY
603 1694 31 15 DE
649 1687 130 22 SORGUE.

172 1725 29 20 £8
227 1724 30 20 M.
270 1726 22 18 et
301 1724 49 20 M"'
360 1723 122 27 Alphonse
496 1723 86 21 FOULD
628 1723 108 26 Dupont.

226 1758 31 21 M.
273 1756 81 22 Alfred
368 1757 105 21 MARIE.

177 1793 25 21 60
229 1792 30 21 M.
277 1795 23 18 et
315 1792 50 20 M-«
385 1792 27 21 A.
429 1786 182 26 d'AMBRIÈRES
662 1791 32 20 Le
705 1790 121 27 Couppey.

227 1826 31 21 M.
276 1828 22 19 et
312 1826 49 20 M*'
376 1825 91 21 Gaston
481 1824 38 22 LE
533 1824 121 22 COUPPEY
706 1824 105 27 Courey.

226 1860 31 22 M.
270 1863 24 18 et
306 1859 50 21 M–
365 1859 109 27 Georges
489 1858 154 22 ROLLAND.

228 1894 31 22 M.
271 1896 23 19 et
302 1894 48 20 M–
360 1894 97 25 Eugène
468 1892 144 22 SALANSON
660 1891 147 22 Goldsmltk.

227 1929 24 21 M.
263 1929 24 21 et
296 1927 32 22 M"
344 1927 96 22 Lucien
452 1926 128 22 SURMONT
629 1926 106 28 Itùjaud.
748 1926 133 28 [Vendredi]

177 1965 23 21 61
228 1964 66 21 et.
305 1968 31 15 DE
351 1951 165 33 SAINT-LÉON
564 1961 209 27 Rogére-Préban.
791 1960 92 27 [Lundi]

226 1999 37 20 C"
274 2000 22 18 et
311 1997 66 21 C'
388 2001 33 16 DE
440 1989 162 28 SAINT-LÉON
646 1995 29 21 de
684 1995 123 26 Bouglon.

169 2033 30 21 «2
226 2032 38 22 C"
274 2034 22 18 et
307 2031 66 21 C'
385 2030 72 21 Henri
468 2036 31 14 DE
511 2029 155 22 CAUSANS:
680 2028 77 22 Cécile
768 2028 29 21 de
806 2028 80 21 Mont-

250 2067 116 25 germont
375 2065 102 27 (p.-à-t.).

229 2100 31 21 M.
276 2102 23 18 et
312 2098 50 21 M»'
378 2098 101 21 Eusebio
494 2093 126 26 MACHAlN
671 2094 109 24 Médina.
793 2096 91 28 [Vend.]

231 2134 43 22 g.»
296 2136 23 18 et
341 2133 64 20 B"«
421 2132 90 22 Gérard
530 2138 31 15 DE
575 2130 170 23 MONTAGNAC
806 2130 80 22 Mont-

257 2170 121 27 germant.

235 2203 37 22 Ct.
281 2206 23 18 et
313 2203 67 21 C'
391 2202 106 26 Georges
509 2207 31 15 DE
550 2200 214 22 MONTGERMONT
817 2199 71 22 Ville-

260 2236 197 22 neuee-Guibert.
796 2233 90 27 [Mardi]

1109 203 237 18 PIERRE-CHARRON
1363 195 86 31 (Suite)

923 246 26 21 62
976 245 36 22 O
1028 248 21 18 et
1065 245 67 21 C"
1146 245 82 21 Albert
1240 243 104 22 NEMES
1362 249 30 15 DE
1407 235 123 28 IIIDVÉG.

923 281 26 20 64
975 279 51 21 M»«
1042 272 249 29 CALMANN-LÉVY.

975 314 32 21 M.
1017 316 23 18 et
1050 313 51 22 M™
1112 314 107 26 Georges
1232 312 78 22 JOUET
1357 311 110 21 Poulain
1476 312 29 19 de
1514 310 116 21 Corbiort.

1418 347 40 25 [1«
1472 348 21 19 et
1502 347 22 20 3'
1534 345 97 25 Mardis)

976 384 67 21 C'
1052 389 33 15 dr
1092 383 41 21 LA
1141 378 148 25 ROURMÈNE
1338 382 89 21 Pérou.
1521 379 110 26 [Samedi]

976 419 31 21 M.
1019 421 22 18 et
1051 418 51 21 M»'
1116 417 110 21 Edmond
1238 413 270 25 LAROCHE-JOUBERT
1559 414 73 21 Jouet

1001 452 95 27 (p.-à-t.).

977 486 31 21 M.
1020 489 24 18 et
1058 486 49 21 M-
1123 485 117 28 Siegfried
1253 484 156 22 PROPPER:
1426 483 209 27 Calmann-Lévy.

977 547 31 21 M.
1024 546 86 22 Miche[
1125 545 150 22 PROPPI,'R.
1499 517 135 27 [Vendredi)

977 547 31 21 M.
1024 546 86 22 Michel
1125 544 150 23 PROPPER.

978 580 32 22 M.
1026 578 107 28 Georges
1148 579 151 22 PROPPER.

926 616 26 21 66
979 615 31 21 M.
1019 618 23 18 et
1049 615 51 21 M"'
1112 614 73 22 Franz
1201 613 76 22 CAZE
1288 620 31 14 DE
1329 612 128 22 CAUMONT
1506 612 39 22 La
1557 612 79 21 Trem-

1005 648 180 29 blaye-Doniol.

978 683 31 22 M.
1024 685 23 19 et
1057 682 50 22 M»'
1119 681 106 27 Georges
1239 681 104 22 DEVIN.
1499 680 134 27 [Vendredi|

978 717 51 22 M»«
1044 717 73 22 Henri
1130 716 122 22 DONIOL.

978 752 66 20 B«»«
1059 752 92 21 Gaston
1167 757 31 15 DE
1213 750 144 22 NOIRMONT
1408 750 101 21 Mat'tel.

980 787 41 20 B°"
1036 786 105 21 Maurice
1156 791 32 16 DE
1201 785 170 22 NOIRMONT.

981 821 49 21 M»'
1046 821 106 21 Gustave
1166 819 104 23 ROBIN.

928 856 25 20 67
981 855 36 21 O
1029 861 30 15 de
1067 855 43 21 LA
1124 853 180 22 SIZERANNE.

982 889 39 21 yu
1030 893 23 17 et
1061 888 70 22 V-
1148 894 32 15 DE
1196 889 38 20 LA
1250 883 152 27 SIZERANNE
1453 885 38 23 La
1508 882 130 32 Vergnette

1006 923 26 22 de
1045 923 26 22 la
1081 923 87 21 Motte.
1542 920 94 27 |Lundi]

930 959 25 21 68
981 958 31 21 M.
1028 960 22 19 et
1059 957 51 21 M»'
1122 957 107 27 Georges
1239 955 178 23 BECHMANN.
1547 954 91 27 [Lundi|

981 992 30 21 M.
1028 994 21 19 et
1065 992 51 20 M»«
1130 991 108 21 Fernand
1253 991 44 21 PAY
1311 991 29 21 EN
1390 991 112 20 Gautier.

1045 1095 388 27 PIERRE-LE-GRAND
1449 1093 79 34 (rue)

958 1152 62 21 VIII'
1034 1152 52 20 Arr.
1104 1148 294 29 (Fatibourg-du-Roule).
1412 1148 28 29 <-
1454 1148 42 29 Rue
1510 1148 70 29 Daru,
1592 1146 22 22 9.'

1083 1190 25 18 ->
1123 1184 133 22 Boulevard
1266 1184 27 21 de
1304 1183 140 26 Courcelles,
1454 1183 32 20 71.

1033 1218 111 22 Paroisse
1189 1216 345 29 Saint-Philippe-du-Roule.

944 1298 13 20 3
984 1296 37 23 C"
1028 1300 22 18 et
1058 1297 67 21 C1""
1136 1295 154 22 D'HEUREUX
1339 1294 105 22 Gaucin.

1313 1327 133 28 [Vendredi,
1456 1327 98 27 excepté
1564 1326 20 22 le
1599 1327 39 26 I8r|

944 1367 12 20 6
983 1365 66 21 C'
1065 1365 81 25 Henry
1160 1370 33 15 DE
1207 1363 203 22 THANNBERG:
1419 1361 130 28 Meynard.

983 1400 38 20 p..
1048 1402 22 18 et
1097 1400 67 20 p..i..
1190 1398 132 21 Alexandre
1348 1403 32 15 DE
1406 1391 183 27 T'SERCLAÊS
1609 1401 31 15 de

1009 1432 187 23 WOMMERSOM
1253 1432 39 21 La
1303 1431 106 22 Villette.

1149 1537 187 26 PIGALLE
1351 1535 78 35 (rue)

967 1588 41 22 IX"
1019 1589 51 20 Arr.
1083 1588 219 27 (Saint-Georges).
1315 1588 27 27 <-
1353 1586 51 22 Rue
1415 1586 111 26 Blanche,
1536 1585 69 20 16-18.

1178 1626 26 19 ->
1218 1622 70 21 Place
1302 1621 96 27 Pigalle.

1111 1657 108 21 Paroisse
1261 1655 201 23 Sainte-Trinité.

946 1730 17 21 2
980 1730 35 21 M.
1032 1732 24 19 et
1070 1730 51 21 M»«
1137 1728 108 22 BUREAU
1298 1727 139 27 Delaunay.

987 1763 49 21 M»'
1052 1770 33 14 DE
1100 1762 135 22 LAUNAY.

946 1798 15 21 9
976 1798 47 21 bis
1040 1798 30 20 M.
1087 1798 84 20 Simon
1186 1795 106 22 COSTE.

935 1833 24 20 12
986 1832 65 20 B«"«
1067 1836 32 16 DE
1112 1830 105 22 RIGNY.

935 1866 25 21 SO
986 1865 50 21 M»'
1051 1865 59 21 Paul
1124 1858 133 27 BÉRARD.
1550 1863 91 27 [Lundi!

987 1899 29 21 M.
1032 1902 23 18 et
1069 1898 50 21 M»"
1141 1897 82 22 Alfred
1233 1890 105 28 BÉRARD
1384 1896 105 23 Bérard.

986 1932 31 22 M.
1033 1935 23 19 et
1068 1932 52 21 M–
1134 1933 80 26 Roger
1228 1931 235 22 D'HYBOUVILLE:
1478 1930 107 23 Bérard.

987 1966 31 22 M.
1034 1964 80 23 etM««
1126 1960 142 27 LÈOUZON
1278 1964 31 23 LE
1324 1964 46 23 DUC
1414 1965 122 23 Reisener.

937 2029 25 20 34
989 2027 30 21 M.
1036 2026 101 22 Charles
1150 2025 178 22 MALIIERBE.
1509 2000 133 25 LMareredi|

937 2028 25 21 34
989 2027 30 21 M.
1036 2026 101 22 Charles
1150 2025 178 22 MALHERBE.

937 2062 25 21 49
988 2061 41 21 V"
1044 2063 23 18 et
1077 2060 70 22 V"
1162 2066 31 15 DE
1208 2059 105 23 GENNES
1366 2060 112 22 Vimard.

1257 2094 130 26 [Mercredi,
1398 2093 96 27 excepté
1509 2093 20 21 le
1544 2093 100 26 dernier]

938 2130 25 21 54
990 2129 29 21 M.
1030 2131 25 18 et
1065 2129 49 20 M»'
1123 2128 106 27 Georges
1236 2128 73 21 PICOT
1349 2129 154 20 Montalieet.
1513 2128 131 26 [Mercredi]

938 2166 24 20 57
991 2165 30 19 D'
1035 2164 60 20 Paul
1109 2163 202 21 CHEVANDIER
1325 2168 31 16 DE
1370 2162 179 22 VALDROME.

938 2200 26 21 69
992 2198 49 21 M™"
1056 2197 108 26 Adolphe
1179 2197 94 22 DAILLY
1317 2197 116 22 Frochot.

992 2233 30 21 M.
1039 2232 71 21 Louis
1125 2231 120 22 DAILLY.
