1749 2481
730 97 302 31 PARIS-MONDAIN

535 185 670 48 MI1TISTÈEES

650 290 174 25 AFFAIRES
862 285 233 31 ÉTRANGÈRES

536 329 67 30 Rue
619 330 38 30 de
672 330 212 37 l'Université,
902 331 66 31 130.
986 332 71 38 quai
1072 332 140 39 d'Orsay.

124 366 45 29 Le
182 366 120 30 bureau
317 368 55 30 des
387 373 204 35 passe-ports,
608 369 216 40 légalisations
847 375 31 25 et
901 371 268 40 renseignements
1183 376 48 26 est
1250 376 113 27 ouvert
1377 376 71 27 tous
1463 373 47 31 les
1521 374 100 41 jours,

609 410 40 29 de
664 410 14 28 1
696 410 32 30 h.
744 410 56 39 1/2
815 412 18 28 à
848 411 17 29 4
880 410 112 31 heures
1007 412 41 28 du
1063 411 71 30 soir.

748 470 250 25 AGRICULTURE

283 507 68 30 Rue
370 507 38 30 de
427 509 158 37 Varenne,
604 509 48 30 78.
679 509 178 31 Audiences
878 520 54 20 sur
948 511 167 30 demandes
1129 511 113 31 écrites
1257 516 30 26 et
1302 513 162 30 motivées.

787 570 171 25 COLONIES

496 609 140 30 Pavillon
652 610 38 31 de
705 611 102 30 Flore.
827 611 238 40 Légalisations,
1081 612 17 29 à
1114 611 18 29 3
1146 612 123 30 heures.

351 666 200 28 COMMERCE
583 670 41 24 ET
659 671 214 32 INDUSTRIE,
905 671 132 25 POSTES
1067 671 41 24 ET
1138 665 256 32 TÉLÉGRAPHES

274 709 157 35 Bureaux,
461 720 55 20 rue
543 711 38 30 de
609 711 161 36 Varenne,
799 711 48 30 80.
878 711 141 37 Cabinet,
1055 721 55 20 rue
1143 711 38 30 de
1213 713 160 35 Grenelle,
1407 713 67 30 101.

371 749 217 30 Consultation
602 750 55 29 des
672 751 126 30 brevets
817 751 202 35 d'invention,
1039 750 39 30 de
1092 751 75 29 midi
1181 753 19 28 à
1214 752 17 29 4
1245 752 125 30 heures.

785 806 178 25 FINANCES

463 846 69 29 Rue
546 846 38 30 de
598 847 103 29 Rivoli
717 847 53 37 (au
790 847 133 35 Louvre,
941 848 137 40 pavillon
1096 847 36 30 de
1147 848 133 38 Rohan).

124 883 135 30 Cabinet
272 883 42 30 du
329 884 153 36 Ministre,
503 886 174 30 Secrétaire
695 887 140 38 général,
855 888 161 29 Directeur
1036 888 40 28 du
1095 888 176 38 personnel.
1340 889 109 30 Grand
1464 889 102 30 Livre.-

166 922 155 31 Douanes.
388 924 163 31 Archives.
620 925 146 30 Contrôle
776 926 132 29 central.
975 926 117 30 Caisse.
1159 926 60 30 Les
1234 927 140 30 bureaux
1390 928 37 30 de
1443 929 178 40 renseigne-

162 966 104 33 ments
283 967 71 25 sont
367 969 126 25 ouverts
508 968 69 27 tous
592 965 46 29 les
649 965 88 39 jours
752 966 39 29 de
805 966 38 29 10
854 966 112 30 heures
977 968 17 27 à
1005 966 17 30 3
1033 966 125 37 heures;
1171 966 45 30 les
1231 967 144 30 archives
1389 972 71 26 sont
1473 973 147 26 ouvertes

163 1005 73 26 tous
249 1002 47 30 les
307 1002 97 40 jours,
422 1004 37 29 de
474 1004 18 28 2
507 1006 18 28 à
539 1005 19 29 4
571 1005 124 29 heures.

802 1047 142 24 GUERRE

284 1086 68 29 Rue
367 1086 300 40 Saint-Dominique,
684 1088 48 29 14.
754 1088 158 36 Bureaux,
928 1087 170 30 boulevard
1115 1088 262 39 Saint-Germain,
1394 1090 67 30 231.

127 1124 44 30 Le
185 1125 106 38 public
306 1128 48 28 est
372 1126 102 30 admis
492 1127 46 29 les
552 1127 100 29 mardi
667 1130 31 26 et
711 1127 164 36 vendredi,
892 1127 38 29 de
945 1128 18 28 2
978 1128 18 28 à
1010 1127 18 29 4
1042 1127 121 35 heures,
1181 1130 17 27 à
1214 1128 29 29 la
1261 1129 120 30 section
1400 1130 38 29 de
1453 1130 165 39 l'enregis-

568 1169 145 33 trement,
736 1176 55 20 rue
807 1166 301 40 Saint-Dominique,
1124 1166 47 32 14.

482 1229 238 26 INSTRUCTION
751 1229 177 28 PUBLIOUE
961 1230 43 24 ET
1037 1230 227 26 BEAUX-ARTS

296 1269 69 29 Rue
380 1269 37 30 de
433 1270 156 35 Grenelle,
606 1270 67 30 110.
691 1270 160 30 Direction
865 1270 56 29 des
937 1271 206 33 Beaux-Arts,
1160 1280 55 21 rue
1230 1271 38 30 de
1282 1272 120 36 Valois,
1420 1274 28 27 3.

127 1306 61 31 Les
207 1307 173 31 directeurs
398 1309 166 37 reçoivent,
587 1309 80 30 celui
689 1309 39 31 de
751 1309 210 30 l'instruction
981 1310 156 39 primaire,
1160 1310 30 29 le
1205 1310 97 39 jeudi,
1325 1311 38 29 de
1386 1313 17 27 2
1423 1313 19 28 à
1456 1311 18 29 4
1489 1312 128 37 heures;

354 1347 78 30 celui
446 1348 38 30 de
499 1349 207 29 l'instruction
720 1350 196 35 secondaire,
932 1349 28 29 le
978 1349 97 39 jeudi,
1093 1349 36 30 de
1143 1349 17 30 9
1176 1352 18 28 à
1209 1350 33 29 11
1260 1351 123 30 heures.

654 1404 195 30 INTÉRIEUR
884 1409 41 25 ET
958 1408 134 25 CULTES

476 1449 93 30 Hôtel
584 1453 31 26 et
629 1449 126 30 cabinet
770 1449 41 30 du
827 1450 154 32 Ministre,
997 1450 90 38 place
1102 1450 156 29 Beauvau.

124 1486 163 30 Directeur
306 1486 39 30 de
367 1487 31 30 la
416 1489 105 28 sûreté
535 1488 158 39 générale,
711 1498 55 20 rue
780 1488 56 30 des
852 1489 175 37 Saussaies,
1045 1489 47 29 11.
1160 1489 156 30 Direction
1336 1489 42 30 du
1397 1490 176 31 Personnel
1588 1496 31 26 et

161 1526 44 29 du
219 1526 200 37 Secrétariat,
437 1537 55 19 rue
510 1528 54 29 des
588 1528 176 37 Saussaies,
791 1528 47 29 11.
920 1528 157 30 Direction
1102 1528 38 29 de
1163 1528 286 31 l'Administration
1469 1530 147 41 départe-

160 1566 140 29 mentale
315 1570 31 25 et
359 1568 205 34 communale,
582 1577 56 20 rue
654 1568 217 33 Cambacérès,
889 1568 27 29 7.
990 1568 156 30 Direction
1169 1568 38 31 de
1230 1569 285 30 l'Administration
1529 1571 90 38 péni-

161 1605 157 35 tentiaire,
336 1615 55 20 rue
407 1606 215 36 Cambacérès,
640 1607 47 29 11.

798 1648 146 25 JUSTICE

684 1690 97 30 Place
797 1689 173 37 Vendôme,
993 1690 46 30 13.

121 1727 63 29 Les
198 1726 170 31 directeurs
383 1728 155 36 reçoivent
552 1728 45 31 les
611 1729 156 29 mercredi
781 1732 32 26 et
828 1728 130 35 samedi,
975 1728 37 29 de
1027 1728 18 29 9
1060 1728 30 28 h.
1107 1728 52 39 1/2
1175 1729 17 28 à
1209 1728 32 29 11
1259 1729 30 29 h.
1308 1729 61 39 1/2.
1442 1730 43 29 Le
1501 1730 118 30 bureau

160 1766 56 30 des
231 1766 212 39 légalisations
458 1772 48 25 est
520 1772 110 26 ouvert
647 1771 69 26 tous
739 1768 46 29 les
801 1767 99 40 jours,
917 1768 39 29 de
972 1769 35 28 10
1022 1768 110 29 heures
1148 1770 17 27 à
1179 1768 17 29 3
1212 1769 124 30 heures.
1406 1769 61 30 Les
1482 1770 104 39 pièces
1600 1773 19 27 à

161 1806 32 29 la
207 1806 163 39 signature
385 1809 70 27 sont
470 1808 172 30 réclamées
656 1807 39 30 de
710 1807 15 28 1
743 1807 30 29 h.
792 1807 51 39 1/4
858 1809 20 28 à
891 1807 19 30 3
925 1808 123 30 heures.

802 1867 139 25 MARINE

240 1906 70 30 Rue
339 1907 129 40 Royale,
489 1907 29 30 2.
546 1908 26 29 –
598 1908 53 29 Le
668 1907 121 29 bureau
803 1906 44 30 du
859 1907 120 30 service
994 1906 148 30 intérieur
1160 1911 31 26 et
1209 1907 56 30 des
1283 1906 219 41 légalisations

368 1957 77 29 pour
459 1947 31 29 le
504 1947 161 30 Ministère
680 1946 37 30 de
732 1947 31 29 la
778 1946 122 31 Marine
915 1950 48 26 est
976 1950 109 26 ouvert
1104 1946 38 31 de
1158 1947 21 29 2
1191 1948 20 29 à
1224 1947 19 31 4
1258 1947 124 30 heures.

533 2006 158 26 TRAVAIL
722 2006 43 24 ET
795 2001 231 30 PRÉVOYANCE
1056 2005 148 25 SOCIALE

370 2047 67 30 Rue
451 2046 39 30 de
504 2046 215 37 Bellechasse,
733 2046 48 30 66.
800 2046 176 30 Audiences
995 2055 53 21 sur
1067 2046 169 30 demandes
1251 2046 124 30 écrites.

693 2105 171 26 TRAVAUX
901 2105 145 27 PUBLICS

601 2146 176 29 Boulevard
794 2146 264 37 Saint-Germain,
1073 2146 66 30 244.

125 2187 64 30 Les
201 2186 141 31 bureaux
357 2190 71 27 sont
441 2188 126 27 ouverts
582 2189 69 26 tous
665 2185 46 30 les
723 2186 88 38 jours
827 2185 37 29 de
880 2186 35 29 11
931 2187 18 28 à
964 2186 16 29 4
997 2186 122 30 heures.
1143 2186 43 29 Le
1205 2184 167 31 conseiller
1386 2184 117 39 d'Etat,
1521 2187 97 30 direc-

164 2228 71 26 teur
248 2225 42 29 du
304 2225 165 40 personnel
484 2224 41 30 du
540 2224 183 30 secrétariat
745 2228 32 26 et
796 2224 38 30 de
854 2224 31 29 la
899 2225 222 38 comptabilité,
1136 2225 103 29 donne
1258 2224 56 29 des
1333 2224 169 32 audiences
1516 2226 99 39 parti-

164 2264 135 30 culières
327 2275 53 19 sur
407 2264 170 30 demandes
597 2263 152 41 spéciales
770 2267 31 25 et
825 2263 97 37 reçoit
947 2264 43 30 les
1014 2264 99 29 mardi
1141 2268 31 25 et
1199 2262 160 37 vendredi,
1384 2263 38 32 de
1440 2265 17 30 9
1478 2266 31 31 h.
1528 2266 50 39 1/2
1599 2267 18 28 à

166 2303 36 29 11
218 2304 113 31 heures
346 2305 40 29 du
402 2304 107 30 matin.
