1749 2481
631 102 294 30 PAMS-MONDAIN

365 207 258 41 CHEMINS
658 206 73 41 DE
765 206 105 41 FER
907 207 72 40 DE
1020 203 235 45 L'OUEST

317 298 325 46 VOYAGES
687 298 42 45 A
771 298 170 45 PRIX
990 284 309 60 RÉDUITS

426 425 110 36 BAINS
566 425 44 36 DE
639 426 81 35 MER
749 425 48 36 ET
829 424 100 37 EAUX
959 424 236 36 THERMALES

131 534 35 19 di^,
207 510 33 21 La
254 509 137 26 Compagnie
406 509 45 26 des
467 509 106 21 chemins
587 509 29 21 de
632 509 34 21 fer
680 509 28 20 de
723 509 96 22 l'Ouest,
834 509 38 26 qui
887 508 93 21 dessert
989 509 156 20 entièrement
1159 509 21 20 le
1194 509 82 22 littoral
1290 509 28 21 de
1341 510 23 20 la
1377 510 111 21 Norman-

131 534 36 19 die
182 535 23 19 et
216 535 23 19 la
254 535 52 25 plus
320 535 80 26 grande
413 535 80 26 partie
509 535 29 20 du
553 534 85 21 littoral
652 535 28 20 de
694 534 27 25 la
734 534 121 25 Bretagne,
871 534 41 20 fait
927 534 99 20 délivrer
1040 539 42 20 par
1096 537 75 17 toutes
1186 540 40 14 ses
1240 540 77 19 gares,
1328 534 28 21 de
1375 534 25 20 la
1412 534 75 20 veille

131 559 28 20 de
169 560 23 20 la
205 560 56 20 i'ête
272 560 33 20 des
320 560 123 20 Rameaux
462 566 29 15 au
504 561 22 19 31
544 560 107 24 Octobre,
666 560 46 21 afin
735 560 29 20 de
778 560 100 19 faciliter
891 559 35 20 les
936 559 172 26 déplacements
1123 565 53 15 vers
1190 560 35 20 les
1240 560 80 25 plages
1340 561 148 20 Normandes

132 586 21 18 et
168 585 137 22 Bretonnes,
321 585 42 21 des
377 585 74 20 billets
466 585 78 20 d'aller
557 588 23 17 et
593 588 78 17 retour
685 585 28 20 de
727 592 11 11 «
753 585 72 19 Bains
839 585 28 20 de
882 590 70 14 mer
966 586 146 25 comportant
1122 585 93 26 jusqu'à
1228 585 29 24 40
1271 585 43 24 0/0
1332 585 27 21 de
1366 585 122 21 réduction

132 611 22 19 et
168 610 104 21 valables
287 611 15 21 3
314 610 75 26 jours,
403 612 17 19 4
432 611 75 25 jours,
523 611 33 21 10
571 611 64 25 jours
649 617 30 14 ou
695 611 33 21 33
745 611 71 24 jours,
831 610 65 20 selon
912 610 34 20 les
960 610 126 20 distances.

209 635 43 21 Les
268 636 74 20 billets
357 636 27 20 de
399 636 33 21 33
448 635 64 27 jours
527 638 100 24 peuvent
641 636 47 19 être
703 635 126 27 prolongés
844 635 66 19 d'une
924 641 29 14 ou
969 635 28 20 de
1007 635 60 20 deux
1079 635 108 25 périodes
1195 635 59 20 de30
1264 635 84 26 jours,
1362 635 126 26 moyennant

131 666 30 14 un
175 661 148 25 supplément
336 662 29 20 de
381 662 32 21 10
428 662 47 23 0/0
490 667 42 20 par
550 662 95 30 période
663 664 22 17 et
702 658 103 24 donnent
817 660 62 20 droit
893 662 13 18 à
919 667 31 14 un
965 661 62 20 arrêt
1039 661 28 20 de
1082 661 25 20 4&
1119 660 87 22 heure»
1220 661 14 20 à
1248 661 72 20 ['aller
1331 664 21 17 et
1366 667 30 15 au
1410 664 80 17 retour

133 687 13 19 à
161 690 43 16 une
218 692 57 20 gare
290 686 143 27 quelconque
449 686 29 20 de
491 686 135 21 l'itinéraire
640 686 69 21 suivi.

566 746 148 36 CARTES
751 745 303 37 D'ABONNEMENT

359 798 146 25 BAINS
533 798 59 24 DE
618 798 97 25 MER
741 798 56 24 ET
824 798 126 24 EAUX
975 798 291 25 THERMALES

384 839 41 26 De
442 839 27 26 la
490 838 85 28 veille
594 839 32 26 de
646 839 25 26 la
690 839 69 26 Fête
778 839 49 25 des
845 838 144 26 Hameaux
1008 847 34 17 au
1060 838 37 27 31
1122 838 117 27 Octobre

433 899 23 28 1°
478 898 118 30 CARTES
620 898 235 29 D'ABONNEmENT
881 894 125 34 D'ACCÈS
1029 898 18 29 A
1075 898 36 29 LA
1134 899 62 28 MER

559 941 179 23 MENSUELS
754 942 42 20 ET
812 941 250 24 TRIMESTRIELS

197 979 154 21 Réduction
366 978 33 21 de
414 979 35 21 40
464 979 42 23 0/0
521 983 48 17 sur
582 978 42 21 les
639 978 65 25 prix
718 978 49 21 des
782 978 212 22 Abonnements
1010 978 155 22 ordinaires
1181 979 32 20 de
1227 978 91 22 même
1333 978 95 22 durée.

211 1038 30 20 La
255 1037 144 27 Compagnie
415 1037 28 20 de
457 1036 89 21 l'Ouest
560 1036 95 25 délivre,
671 1036 28 21 de
713 1039 75 17 toutes
803 1042 39 15 ses
855 1042 72 20 pares
943 1037 26 20 de
984 1037 102 26 grandes
1100 1037 82 25 lignes,
1198 1043 59 20 pour
1267 1037 32 20 les
1313 1043 113 20 parooure
1439 1037 52 20 d'au

133 1064 78 19 moins
233 1063 33 21 25
282 1062 142 24 kilomètres,
449 1064 13 19 à
475 1064 66 19 toute
563 1068 116 19 personne
693 1062 38 25 qui
753 1062 73 25 prend
841 1063 57 20 trois
919 1063 78 20 billet»
1011 1069 29 14 au
1064 1063 76 20 moins
1154 1069 60 19 pour
1227 1063 42 20 des
1283 1063 116 20 membres
1422 1062 27 20 de
1465 1068 27 14 sa

134 1088 95 25 famille,
244 1094 28 14 ou
289 1087 166 26 domestiques,
472 1087 70 20 allant
556 1086 122 26 séjourner
691 1093 58 14 sous
764 1086 20 20 le
799 1087 75 20 même
888 1087 49 26 toit,
952 1087 58 20 dans
1024 1093 45 15 une
1082 1088 41 19 des
1138 1088 99 19 stations
1247 1087 132 21 balnéaires
1395 1093 28 15 ou
1433 1087 59 20 ther-

134 1114 77 20 males
224 1114 28 20 de
265 1119 46 15 son
325 1113 91 24 réseau,
432 1113 42 21 des
488 1115 75 18 cartes
577 1108 177 25 d'abonnement
772 1112 52 20 d'un
838 1113 60 20 mois
920 1119 29 14 ou
965 1113 28 19 de
1016 1114 59 19 trois
1088 1113 70 23 mois,
1172 1113 98 23 dounant
1284 1113 28 23 le
1334 1113 56 20 droit
1401 1113 89 20 .d'arrÇt

134 1145 47 14 aux
195 1144 70 20 gares
278 1137 185 23 intermédiaires
477 1141 22 18 et
511 1140 146 24 comportant
670 1143 45 16 une
729 1136 122 22 réduction
865 1138 28 20 de
913 1137 35 22 40
963 1138 46 24 0/0
1023 1143 42 15 sur
1079 1137 35 21 les
1127 1138 52 26 prix
1192 1138 41 20 des
1248 1137 167 22 abonnements
1429 1137 64 21 ordi-

135 1165 77 21 naires
225 1164 28 20 de
267 1164 75 21 môme
357 1164 77 21 durée.

212 1189 32 21 La
258 1189 113 21 demande
384 1189 44 20 des
440 1187 76 22 billets
530 1190 22 18 et
566 1188 29 20 de
609 1187 24 22 la
645 1187 61 22 carte
718 1187 178 21 d'abonnement
909 1188 174 25 accompagnée
1095 1187 66 21 d'une
1175 1187 168 28 photographie
1354 1188 25 21 de
1391 1188 100 21 l'abonné

135 1215 29 22 de
177 1215 127 24 0,03x0,02
317 1214 48 21 doit
378 1214 49 20 être
442 1214 111 22 adressée
568 1215 14 19 à
595 1213 23 21 la
629 1219 58 19 gare
701 1214 29 21 de
745 1213 82 26 départ
841 1215 14 20 5
867 1213 70 26 jours
949 1220 31 14 au
995 1214 76 20 moins
1085 1213 12 22 à
1109 1213 112 22 l'avauce.

427 1287 28 28 2°
477 1286 119 30 CARTES
619 1286 237 30 D'ABONNEMENT
880 1287 36 28 DE
941 1286 95 29 PLAGE
1059 1286 16 29 A
1105 1286 96 29 PLAGE

325 1328 155 22 Réduction
495 1327 32 22 de
542 1328 35 21 40
591 1328 47 25 0/0
653 1333 49 16 sur
716 1329 41 21 les
771 1326 65 28 prix
853 1327 49 23 des
918 1329 202 21 abonnements
1135 1328 167 21 ordinaires.

213 1368 33 20 La.
258 1368 144 26 Compagnie
416 1368 29 19 de
456 1368 87 20 l'Ouest
556 1367 88 20 délivre
658 1367 131 25 également
799 1372 60 15 avec
872 1367 87 20 faculté
969 1366 84 21 d'arrêt
1066 1373 47 14 aux
1123 1372 69 20 frares
1205 1366 185 21 intermédiaires
1400 1369 26 17 et
1439 1369 53 17 sans

136 1392 126 27 obligation
277 1393 28 20 de
319 1393 97 26 prendre
438 1394 12 19 3
465 1393 84 22 billets,
568 1392 42 20 des
625 1395 77 17 cartes
716 1392 178 20 d'abonnement
912 1392 104 20 mensuel
1032 1395 21 17 et
1071 1392 133 21 trimestriel
1221 1393 66 18 entre
1310 1392 61 21 deux
1395 1391 99 20 stations

135 1419 142 23 balnéaires,
292 1418 113 20 distantes
419 1418 51 19 d'au
485 1419 76 18 moins
575 1419 34 19 25
619 1417 136 20 kilomètres
769 1420 22 17 et
806 1417 82 20 reliées
902 1417 152 20 directement
1067 1423 43 20 par
1124 1423 40 14 ses
1176 1418 82 25 lignes.

213 1444 44 20 Ces
272 1446 78 17 cartes
365 1445 145 24 comportent
524 1448 44 14 une
587 1442 120 20 réduction
727 1442 27 19 de
777 1443 36 20 40
827 1442 47 25 0/0
891 1448 41 14 sur
949 1442 33 20 les
998 1443 50 28 prix
1073 1443 43 20 des
1131 1443 168 19 abonnements
1322 1441 129 20 ordinaires
1465 1440 29 20 de

137 1469 75 18 même
230 1469 69 19 durée
314 1471 22 16 et
357 1469 94 18 doivent
466 1469 48 18 être
536 1468 144 20 demandées
694 1468 57 19 dans
772 1467 35 20 les
822 1468 89 19 mêmes
934 1467 132 20 conditions
1087 1473 45 20 que
1152 1468 34 19 les
1205 1471 77 16 cartes
1304 1466 190 21 d'abonnements

136 1492 93 21 d'accès
244 1495 12 17 à
270 1493 23 20 la
307 1498 57 14 mer.

195 1555 190 32 EXCURSIONS
409 1556 37 29 DE
470 1555 87 30 PARIS
581 1555 35 30 AU
641 1555 100 29 HAVRE
764 1554 38 30 ET
826 1554 36 30 DE
886 1554 97 31 ROUEN
1008 1555 36 30 AU
1067 1555 100 30 HAVRE
1187 1555 37 31 ET
1249 1554 186 31 VICE-VERSA

458 1601 54 30 PAR
528 1601 117 30 CHEMIN
670 1601 37 29 DE
732 1601 54 28 FER
811 1601 37 29 ET
872 1600 115 31 BATEAU
1013 1602 14 28 A
1051 1601 117 30 VAPEUR

212 1678 70 22 L'une
304 1678 43 20 des
360 1676 53 28 plus
436 1677 150 21 charmantes
601 1676 139 21 excursions
761 1676 53 28 qu'il
828 1676 46 21 soit
896 1677 103 26 possible
1022 1677 28 21 de
1078 1676 58 21 faire
1159 1682 57 16 sans
1238 1676 161 27 déplacement
1412 1677 84 26 impor-

136 1706 49 17 tant
199 1706 35 18 est
257 1704 165 19 certainement
436 1703 23 20 la
482 1703 109 20 descente
606 1703 27 19 de
657 1703 22 19 la
693 1702 68 21 Soine
777 1705 62 17 entre
854 1702 83 20 Rouen
950 1705 23 17 pt
997 1703 31 19 Le
1044 1703 85 19 Havre.
1153 1703 46 20 Les
1213 1703 62 20 rives
1295 1702 155 26 verdoyantes
1465 1703 29 19 du

136 1730 78 20 fleuve
228 1731 21 18 et
264 1729 35 20 les
313 1728 139 21 admirables
467 1729 76 25 points
557 1727 28 21 de
599 1734 45 14 vue
666 1728 37 27 qui
718 1734 27 15 se
757 1727 122 21 déroulent
892 1734 47 14 aux
964 1734 60 20 yeux
1036 1727 31 21 du
1090 1734 119 20 voyageur
1226 1728 97 20 rendent
1336 1729 21 19 le
1379 1733 116 22 parcours

137 1755 42 20 des
192 1754 52 26 plus
259 1754 129 26 agréables.

213 1779 34 20 En
269 1785 46 14 vue
325 1779 27 20 de
375 1778 98 21 faciliter
487 1780 60 19 cette
569 1777 136 26 excursion,
727 1777 23 21 la
764 1777 143 27 Compagnie
928 1778 28 21 de
970 1778 88 21 l'Ouest
1070 1778 88 21 délivre
1172 1778 27 21 de
1213 1778 52 20 Juin
1280 1780 13 19 à
1308 1778 142 27 Septembre,
1466 1778 29 20 de

137 1805 76 21 Paris,
228 1805 27 19 de
266 1805 81 19 Rouen
362 1809 29 14 on
415 1804 30 19 du
461 1804 83 22 Havre,
568 1804 43 19 des
624 1803 75 19 billets
722 1804 114 24 spéciaux
850 1803 79 20 d'aller
951 1806 22 17 et
986 1806 80 17 retour
1088 1805 14 18 à
1115 1804 51 25 prix
1190 1804 96 24 réduits,
1301 1804 37 25 qui
1357 1805 139 24 permettent

137 1829 13 25 d
163 1829 123 25 accomplir
301 1835 29 14 en
344 1829 83 20 bateau
442 1830 14 18 à
466 1834 88 22 vapeur
566 1828 21 20 le
598 1828 67 26 trajet
678 1827 28 21 de
720 1828 83 20 Rouen
821 1834 29 14 au
866 1829 87 24 Havre,
972 1834 30 15 ou
1017 1829 140 25 vice-versa,
1172 1831 24 17 et
1209 1828 22 20 le
1243 1832 64 17 reste
1319 1828 31 21 du
1365 1833 92 21 voyage
1466 1833 29 15 en

137 1854 93 20 chemin
244 1854 22 20 de
277 1854 45 20 fer.

214 1879 44 20 Les
272 1879 51 26 prix
335 1880 49 18 très
398 1877 91 21 réduits
499 1877 28 21 de
541 1883 41 15 ces
596 1877 76 21 billets
686 1877 80 21 d'aller
780 1880 22 17 et
809 1881 82 17 retour
904 1880 54 18 sont
971 1879 60 19 ainsi
1046 1878 52 20 fixés

515 1921 47 26 De
580 1919 90 27 Paris
689 1926 39 20 au
747 1920 109 26 Havre
875 1922 31 25 et
924 1920 191 26 vice-versa.

230 1968 31 18 1"
275 1971 98 16 CLASSE.
573 1965 23 20 2'
609 1969 96 16 CLASSE.
808 1968 6 30 I
914 1965 21 20 3"
950 1971 98 15 CLASSE.
1153 1964 18 23 I
1189 1964 92 23 DURÉE
1297 1971 31 14 DE
1342 1964 122 21 VALIDITÉ.

259 2006 34 21 82
309 2004 31 22 fr.
601 2005 33 21 23
649 2002 32 22 fr.
808 1986 6 44 |
912 2005 34 21 16
962 2003 30 23 fr.
1007 2005 46 21 £0.
1278 2005 14 21 5
1310 2003 78 22 Jours.

507 2056 45 25 De
572 2055 111 25 Rouen
702 2060 39 19 au
759 2054 108 26 Havre
886 2056 31 24 et
936 2055 71 25 vice
1026 2061 101 20 versa.

229 2104 29 18 1™
273 2106 98 17 CLASSE.
571 2101 22 20 2°
607 2105 98 17 CLASSE.
907 2100 23 22 3*
944 2101 156 21 CLASSE.
1122 2101 22 21 I
1166 2101 112 21 DUKÉE
1296 2106 31 16 DE
1341 2100 123 22 VALIDITÉ.

229 2104 28 60 1"
271 2104 99 60 CLASSE.
571 2101 26 60 2'
610 2101 93 60 CLASSE.
907 2100 27 62 7
944 2106 99 56 CLUSE.
1153 2103 6 61 1
1195 2101 97 61 S
1296 2100 25 62 DE
1333 2100 129 62 VALIDITÉ.,

260 2143 33 21 13
308 2139 30 25 fr.
610 2138 12 23 9
634 2138 37 23 fr.
919 2139 12 23 T
943 2139 36 23 fr.
997 2141 46 21 60.
1277 2141 15 21 S
1308 2139 80 23 iems.
