1749 2481
387 116 77 30 ROU

1160 119 78 30 ROU

65 205 186 25 ROUGEMONT
267 207 44 29 (O
326 206 122 31 Godefroy
463 207 31 24 du
509 207 116 24 TEMPLE
640 207 47 31 de),
705 210 29 27 {&
756 207 29 23 de

98 241 137 30 Vrainville,
253 242 45 31 El
361 242 35 30 [3-
419 242 46 30 18],
481 243 39 27 ûl
535 242 119 24 Bonneval
674 243 113 29 (Eure-et-

96 275 73 29 Loir).

64 313 185 25 ROUGEMONT
265 315 38 30 (D.
318 314 48 30 de),
380 317 39 28 #,
435 315 33 31 [et
481 315 49 24 M™-
544 317 42 22 née
601 316 128 31 WURTZ],
750 317 36 28 12,

95 355 43 16 rue
152 349 162 30 Jean-Goujon
330 350 70 29 (vm«)
415 353 14 26 –
443 353 71 26 ettfa
538 350 29 23 de
582 351 153 29 Lowenberg,
750 354 33 21 CE

99 382 83 31 gpâi
200 383 92 31 [P-L-M]
304 383 76 23 Morat
395 384 109 30 (Suisse).

64 414 215 32 ROÛILLARDde
297 422 144 24 KER1VILY
454 422 132 31 (Gustave),
594 424 53 27 221,
662 423 127 30 Faubourg

96 454 178 25 Saint-Honoré
289 457 80 29 (vm«).
736 457 52 22 AL

64 492 176 32 ROÙILLARD
263 500 30 23 de
307 499 144 25 KERIVILY
467 500 108 29 (Gaston)
587 501 34 30 [et
636 500 48 23 M™
699 501 42 23 née
759 500 29 24 de

95 532 120 32 MALUS],
231 535 77 22 même
323 533 104 24 adresse.

64 566 175 30 ROUILLARD
254 573 30 23 de
308 572 144 24 KERIVILY
467 573 116 30 (Charles)
599 573 43 31 [et
656 573 29 31 M-
701 574 42 22 née
760 573 28 23 de

94 605 239 31 BRlCQliEVILLE],
343 608 37 27 82,
397 614 89 16 avenue
501 607 29 23 de
545 607 98 23 Villiers
659 607 89 30 (xvn").

64 640 131 28 ROUILLÉ
206 645 164 30 d'ORFEUIL,
380 648 43 21 née
436 646 132 24 MOISANT
583 646 152 30 (C"),119,
745 654 43 15 rue

94 680 30 23 de
138 679 62 24 Lille
210 681 62 28 (vu")
331 683 25 20 et
378 682 28 26 Si
430 680 28 23 de
474 681 186 29 Farcy-les-Lys,
669 684 33 22 El
718 681 70 23 Dam-

94 713 184 30 marie-les-Lys
303 713 218 31 (Seine-et-Marne),
548 714 36 31 {j=
609 714 177 30 Farcy-les-Lys

98 748 39 26 Ëg
154 748 34 30 [E.
205 751 23 20 et
243 748 85 30 P-L-M]
342 748 87 24 Melun.

64 781 131 28 ROUILLÉ
220 786 153 24 d'ORFEUIL
396 787 54 30 (C")
466 787 34 31 [et
514 786 63 24 C"
598 788 43 23 née
663 787 28 23 de
711 787 75 24 GOU-

95 820 109 31 LAINE],
220 821 89 23 mêmes
320 821 117 24 adresses.
760 823 25 21 A

66 858 116 25 ROUJON
200 859 90 30 (Henri)
303 860 25 23 C.
384 861 107 23 Membre
501 862 29 22 de
539 860 123 24 l'Institut
671 860 34 31 [et
718 860 67 31 M»'],

94 895 38 25 23,
148 894 57 29 quai
221 894 71 23 Conti
304 894 59 30 (vi").

63 932 140 30 ROl'JOUX,
218 932 46 30 née
281 928 118 29 CLOIËT
407 933 51 25 des
475 933 154 25 PESRUCHES
647 934 72 29 (B»«
736 933 49 30 de),

95 968 37 28 27,
149 974 36 16 av.
204 967 108 24 Marceau
330 967 67 31 (xvi«)
415 967 34 31 [35
467 968 92 30 S39.28]
618 972 24 18 et
714 968 29 24 de
763 969 23 22 la

95 1002 63 22 Tour
167 1002 99 30 d'Ange,
278 1005 14 20 à
303 1002 120 31 Charnay,
432 1007 33 21 Kl
476 1002 124 31 Jf=Màcon
608 1002 177 31 (Saône-et-L.).

63 1040 144 24 ROULAND
224 1040 56 29 (M"'
296 1040 123 30 Gustave),
444 1043 52 27 15i,
518 1041 95 23 boulev.
635 1041 151 23 Haussmann

96 1076 70 29 (vin*)
180 1077 20 26 –
220 1077 40 26 ÉÊ
284 1075 29 23 de
323 1075 247 29 Berteville-St-Ouen,
590 1081 34 20 Kl
637 1075 149 30 Bacqueville

96 1108 240 30 (Seine-Inférieure).

63 1147 145 23 ROULAND
227 1148 112 29 [Juhen),
353 1148 84 29 Ancien
449 1148 95 29 Député
556 1148 38 30 [et
606 1148 38 30 M1™
660 1149 43 22 née
717 1148 70 24 GAU-

96 1181 85 30 TIER],
203 1183 37 27 42,
256 1189 44 16 rue
319 1182 29 23 de
367 1182 112 23 Monceau
496 1184 69 27 (vin1)
627 1184 15 20 à
664 1182 54 29 Eve,
748 1186 33 21 El

99 1215 38 31 &=
156 1215 38 31 É&
215 1215 37 31 [N]
281 1216 225 23 Plessis-Belleville
535 1216 73 30 (Oise)
635 1218 23 27 –
681 1218 46 27 £&
757 1215 28 24 de

95 1250 291 30 Berteville-Saint-Ouen,
407 1256 33 21 tS
461 1251 152 31 Bacqueville
644 1250 141 30 (Seine-Inf.)

94 1288 62 20 -et
165 1287 14 21 à
195 1285 310 30 Saint-Sulpice-la-Ramée,
518 1290 34 21 Kl
567 1286 25 23 Le
604 1286 179 23 Plessis-Belle-

95 1318 57 24 ville
167 1319 84 29 (Oise).

64 1354 318 25 ROULLEAUXDUGAGE
405 1356 50 29 (B«
476 1355 98 30 Henry),
597 1357 13 21 5
635 1355 48 29 bis,
698 1362 42 16 rue
758 1355 28 23 de

95 1388 66 24 Berri
178 1389 71 28 (vin")
266 1389 34 30 [35
323 1389 92 31 536.92]
439 1391 29 27 –
557 1388 30 24 de
609 1389 176 30 Lyvonniéres,

100 1424 36 26 SI
154 1424 36 26 èH
207 1424 135 28 Domfront,
360 1423 37 30 fp=
422 1422 220 32 Loulay-l'Abbaye
658 1424 88 29 (Orne).
759 1425 26 21 H

65 1461 315 25 ROULLEAUXDUGAGE
399 1462 129 30 (Georges),
545 1463 52 27 155,
613 1463 66 22 bout.
696 1463 89 22 Hauss-

96 1502 72 15 inann
179 1496 71 28 (vin»)
260 1495 34 30 [3;
313 1496 96 30 523.67]
469 1501 24 18 et
515 1499 28 26 {fa
566 1495 30 23 de
609 1496 176 29 Lyvonniùres,

99 1534 37 26 S)
154 1534 37 26 gp
212 1529 128 23 Domfront
361 1530 92 29 (Orne),
539 1529 246 31 Saint-Georges-de-

96 1564 101 29 Roulley
213 1563 125 29 (Manche).
759 1564 26 22 H

64 1601 138 24 ROUMAIN
224 1601 29 23 de
278 1602 41 23 LA
338 1602 118 24 TOUCHE
487 1602 139 30 (François),
654 1603 132 30 Ingénieur

94 1641 127 24 agronome
235 1636 34 29 [et
283 1636 48 23 M™
352 1638 42 21 née
410 1637 102 29 Solange
535 1637 115 24 GIRARD
666 1637 30 23 de
715 1636 70 24 VAS-

96 1669 75 30 SON],
187 1673 36 24 11,
241 1670 134 23 boulevard
388 1670 102 23 Diderot
506 1672 60 29 (xn<)
586 1671 108 30 (Lundi).

63 1704 182 25 ROUMEFORT
261 1705 49 30 (B«
324 1704 25 24 F.
364 1705 39 30 de)
418 1705 34 30 [et
465 1706 63 22 h""
541 1707 42 23 née
599 1706 59 24 ROY
674 1705 29 24 de
717 1705 69 24 LOU-

93 1739 79 30 LAY],
183 1741 38 27 28,
236 1746 43 17 rue
295 1740 29 23 de
347 1740 33 23 La
390 1740 130 24 Trémoïlle
537 1741 76 29 (vm")
628 1741 15 29 –
662 1744 24 20 et
703 1742 28 27 £&
754 1740 30 24 de

94 1773 107 32 Mornay,
224 1778 33 21 E3
278 1773 94 32 Loulay
393 1774 287 31 (Charente-Inférieure).

64 1812 102 23 ROURE
191 1813 29 23 de
243 1813 111 23 PAULIN
368 1813 48 29 (B~
431 1813 32 23 du
487 1813 120 24 FORNEL
629 1813 36 29 de)
693 1814 45 28 (V
754 1813 30 23 de

94 1845 134 29 PLEYNE),
254 1847 34 27 C.
358 1846 35 28 0.
463 1848 91 23 Avocat
572 1848 14 22 à
607 1849 25 21 la
650 1848 72 28 Cour,
745 1849 38 25 58,

94 1887 42 15 rue
151 1880 28 22 de
194 1881 121 30 Babylone
332 1882 70 28 (vil*)
413 1882 11 28 –
435 1882 59 28 villa
511 1882 29 22 de
554 1881 117 31 Longues,
692 1886 33 20 E3
743 1881 38 30 fj=

94 1914 112 30 Martres-
220 1914 42 30 de-
276 1914 84 30 Veyre,
397 1917 39 25 fS
471 1915 168 23 Yic-le-Comte
673 1915 112 29 (Puy-de-

96 1948 90 28 Dôme).

65 1981 135 24 ROUS&Ati
224 1982 73 29 (Al""),
318 1984 51 25 128,
385 1982 131 23 boulevard
538 1982 149 23 lltiussiiiaiin
703 1983 80 29 (vin*).

62 2015 197 24 ROUSSANOFF
276 2016 104 28 (Nicolas
395 2016 48 28 de),
458 2016 150 30 #[etM»">],
622 2018 21 26 ~t,
659 2023 43 16 rue
717 2016 65 30 Jbry,

93 2052 14 20 à
120 2049 244 31 Neuilly-sur-Seine.
691 2051 93 23 AC-B

64 2087 158 25 ROUSSEAU
251 2088 85 30 (Paul),
352 2090 23 29 5,
399 2095 90 17 avenue
511 2089 30 23 de
560 2089 88 23 l'Alma
662 2089 70 30 (vm°)
746 2089 35 30 [35

93 2122 93 31 501.73]
242 2126 24 19 et
287 2125 29 27 j(3}
338 2122 29 24 de
381 2123 34 23 La
430 2123 162 30 Rébutinière,
607 2129 32 20 Kl
656 2123 127 24 Souesmes

94 2157 195 31 (Loir-et-Cher),
309 2158 38 31 ^=
366 2158 38 31 «g
419 2158 50 31 [Or]
481 2158 102 24 Salbris.
728 2159 55 22 UA

62 2191 158 25 ROUSSEAU
232 2192 129 31 (Georges),
373 2194 37 27 ̃&,
421 2194 135 24 Secrétaire
570 2193 170 24 d'Ambassade
751 2193 33 30 [et

92 2225 48 24 M»'
155 2226 247 31 néed'ESPAGNET],
415 2229 20 27 1,
446 2228 67 29 place
531 2227 162 31 Victor-Hugo
704 2229 78 29 (xvi«).

840 208 145 30 ROUSSEL,
1011 211 43 21 née
1076 209 270 25 MOREAU-CHASLON
1369 209 57 30 (M-
1447 209 115 31 Eugène),

870 245 38 28 50,
924 250 42 16 rue
981 244 29 23 de
1027 244 106 24 Chaillot
1146 246 70 28 (vin')
1236 244 33 30 [7.
1282 244 92 30 510.52]
1442 246 38 27 23,
1495 244 65 23 boul.

870 277 237 31 Richard-Wallace,
1122 281 16 21 à
1151 279 97 30 Neuilly
1265 278 87 30 (Seine)
1369 278 34 31 [7.
1422 278 95 31 563.08]-

869 316 25 19 et
908 312 57 23 villa
974 313 152 29 Henriette,
1141 312 12 25 à
1165 312 137 25 Monte-Carlo
1314 312 245 31 (Alpes-Maritimes).

843 350 135 25 ROUSSEL
995 352 154 29 (Raymond),
1165 353 87 23 mêmes
1267 352 116 24 adresses.

841 389 136 25 ROUSSEL
995 391 84 29 (Paul),
1094 392 135 27 Statuaire,
1252 391 83 23 Grand
1355 392 63 27 prix
1439 391 29 22 de
1489 391 73 23 Rome

871 425 35 29 [et
927 424 49 23 M"«
995 427 42 22 née
1061 425 201 29 LARROCMET],
1287 427 23 27 7,
1327 431 92 17 avenue
1434 424 42 24 des
1497 425 63 23 Peu-

872 459 72 31 pliers
956 459 84 31 (XVIe).

842 497 173 25 ROUSSELET
1032 499 98 30 (Louis),
1188 499 33 30 [et
1239 498 35 23 M™
1291 498 52 23 née
1368 497 192 30 TROTIGN'ON],

871 533 52 28 126,
939 531 131 24 boulevard
1087 532 194 24 Saint-Germain
1300 533 20 27 –
1340 533 40 27 {&
1403 531 29 24 de
1456 531 103 28 Vineuil,

876 571 33 21 El
931 566 37 30 fc=
1041 567 91 24 Bourré
1148 567 195 30 (Loir-et-Cher).

841 601 174 25 ROUSSELLE
1032 602 57 29 (M»"
1101 602 103 29 Albert),
1221 603 38 27 21,
1274 608 43 16 rue
1339 600 222 24 Saint-Guillaume

873 636 70 29 (vu-).

841 675 173 24 ROUSSELLE
1032 675 85 30 (Paul),
1128 675 89 23 mêmes
1232 674 117 24 adresses.

840 713 173 24 ROUSSELLE
1024 713 139 31 (Edouard),
1171 715 38 28 99,
1217 721 43 15 rue
1267 713 31 22 du
1308 713 44 23 Bac
1360 713 59 29 (vu")
1429 711 131 32 [3=720.49]

869 749 17 27 –
903 749 52 27 {Sj
983 748 31 23 du
1029 748 162 29 Bois-Chicot,
1226 753 33 21 Kl
1288 747 132 23 Pontorson
1445 746 115 29 (Manche)

868 782 13 24 –
894 782 27 24 et
934 782 69 24 villa
1016 782 27 24 de
1056 782 27 24 La
1107 782 201 28 Croix-du-Lude,
1322 783 14 22 à
1348 781 130 24 Granville.
1534 782 26 22 H

840 820 173 25 ROUSSELLE
1031 821 120 30 (Antoine)
1163 821 31 30 [et
1208 821 42 23 M"-
1264 821 42 23 née
1318 819 137 25 PENERAT
1470 819 92 23 MONT-

870 855 128 30 ROZIER],
1013 857 37 27 49,
1066 862 91 17 avenue
1170 856 114 23 Malakoff
1299 855 78 29 (xvi«).
1468 855 93 22 AC-Y

840 893 215 30 ROUSSELLIER,
1071 896 43 21 née
1129 893 106 24 SILHOL
1250 893 58 30 (M–
1322 893 91 29 Henri),
1423 894 39 27 72,
1476 900 44 15 rue
1531 892 29 23 de

869 928 111 23 Monceau
997 930 81 28 (tiii'j
1089 930 11 28 –
1113 933 24 19 et
1152 931 28 26 {gj
1197 929 29 23 de
1236 928 104 30 Sagries,
1351 932 33 21 Kl
1395 928 58 23 Uzès
1466 926 94 30 (Gard).

840 966 134 25 ROUSSET
990 967 57 30 (M"
1065 968 118 29 Camille),
1198 969 38 28 41,
1250 974 42 16 rue
1304 967 29 23 de
1347 965 133 31 Vaugirard
1497 965 63 30 (vi«).

840 1006 134 25 ROUSSET
1013 1007 271 28 (Lieutenant-Colonel
1314 1006 109 28 Léonce),
1462 1004 27 24 0.

868 1041 95 28 Député
970 1041 31 23 de
1008 1042 26 22 la
1043 1041 82 23 Meuse
1136 1040 33 30 [et
1178 1040 48 23 M™
1235 1041 43 22 née
1286 1040 30 23 de
1326 1037 233 30 CASSAFOUSTH],

870 1076 51 28 151,
937 1082 44 15 rue
995 1074 29 23 de
1039 1074 111 24 Grenelle
1166 1075 71 29 (vu").

839 1107 169 29 ROUSSIGNÉ
1024 1111 132 31 (Gustave),
1228 1114 22 27 8,
1267 1119 44 16 rue
1329 1111 95 31 Bayard
1444 1111 70 29 (vui«)-

869 1151 24 18 et
911 1149 28 27 ggj
958 1147 29 23 de
1003 1148 23 22 la
1041 1146 163 31 Couapelière,
1220 1152 33 20 ed
1271 1147 93 22 Vouzon
1373 1145 188 30 (Loir-et-Cher).

840 1180 169 29 ROUSSIGNÉ
1023 1185 39 30 (M.
1083 1185 106 28 Charles)
1206 1185 33 30 [et
1262 1185 48 23 M»'
1324 1185 43 23 née
1386 1183 173 29 LEFEBVRE],

868 1222 23 27 8,
909 1226 42 17 rue
966 1219 96 32 Bayard
1078 1220 70 29 (vin")
1166 1220 33 30 [3i
1216 1219 94 31 679.20]
1368 1223 24 18 et
1416 1221 28 26 {^
1466 1218 29 22 de
1512 1217 49 23 Vil-

870 1255 66 28 liers,
970 1255 24 30 H
1018 1255 48 30 Jp
1088 1255 22 30 [2
1133 1254 24 23 k.
1184 1254 52 31 500]
1257 1252 304 25 Mônestreau-en-Villette

870 1288 110 30 (Loiret),
1051 1288 60 31 [Or.]
1125 1289 35 23 La
1174 1287 242 25 Ferté-Saint-Aubin.
1460 1287 100 24 H-UA

839 1327 129 25 ROUSSIN
986 1328 111 30 (Alfred),
1122 1328 26 23 0.
1208 1328 33 31 [et
1256 1327 48 23 M"-
1321 1328 42 22 née
1378 1325 182 31 BOURCARD],

871 1363 26 22 11
912 1363 49 28 bis,
974 1369 91 17 avenue
1075 1362 143 24 Mac-Mahon
1228 1362 75 30 (xvii*)
1315 1363 14 26 –
1343 1363 44 26 (£a
1405 1362 29 22 de
1446 1361 113 26 Kéraval,

874 1396 38 31 gg
931 1396 57 31 j£=
1041 1397 116 31 Quimper
1172 1397 143 29 (Finistère).
1532 1396 27 22 H

839 1436 117 24 ROUSSY
973 1436 120 28 (Gustave)
1114 1437 34 28 [et
1163 1435 47 23 M™
1233 1436 43 22 née
1295 1434 143 30 Marguerite
1459 1434 98 24 THOM-

870 1469 75 30 SON],
975 1472 38 25 31,
1042 1477 91 15 avenue
1162 1469 96 22 d'Antin
1292 1469 66 29 (vin-)
1389 1468 34 30 [7.
1454 1467 104 29 673.53].

1439 1503 46 21 A.
1495 1503 65 22 C.-F

839 1541 117 24 ROUSSY
977 1541 30 23 de
1029 1540 94 25 SALES
1135 1536 44 34 (i>
1199 1542 58 22 Jean
1280 1540 49 30 de).
1532 1541 27 23 H

840 1580 116 24 ROUSSY
970 1580 29 23 de
1021 1580 102 30 SALES,
1136 1582 42 21 née
1196 1580 66 30 Lilly
1276 1579 110 24 RHE1MS
1403 1579 74 30 (C"–
1500 1579 58 23 Jean

867 1614 48 30 de),
932 1615 36 28 14,
984 1622 43 16 rue
1044 1614 30 24 de
1089 1615 24 23 la
1126 1614 155 24 Faisanderie
1298 1614 77 29 (xvi").

838 1653 162 28 ROUVILLE,
1017 1655 44 21 née
1076 1652 179 25 SAUVAGEOT
1272 1652 73 30 (C–
1360 1651 24 24 S.
1400 1652 49 29 de),
1465 1653 37 27 14,
1520 1659 39 16 av.

867 1688 33 23 du
915 1688 222 30 Bois-de-Boulogne
1155 1688 67 29 (xvie)
1242 1689 15 26 –
1272 1689 45 26 {fe
1336 1687 29 23 de
1387 1686 172 24 Saint-Sernin-

867 1722 119 30 du-Plain,
1009 1728 33 20 El
1059 1721 231 25 Conches-les-Ilines
1306 1720 204 31 (Saône-et-Loire)-

866 1762 26 19 et
908 1757 14 30 à
936 1757 197 30 Saiut-Gratien,
1156 1757 41 30 IS
1257 1757 41 30 èS
1319 1755 240 31 Enghien-les-Bains

867 1791 202 29 (Seine-et-Oise).

837 1830 151 24 ROUYILLE
1008 1831 46 29 (Cu
1069 1830 120 30 Stéphane
1203 1829 48 31 de),
1267 1829 136 30 Offlcierde
1419 1829 137 24 Cavalerie,

867 1865 90 22 mêmes
971 1865 121 22 adresses.
1531 1863 24 21 B

837 1902 161 28 ROUYILLE,
1013 1903 44 22 née
1070 1901 30 23 de
1122 1901 99 23 BEXGY
1236 1900 29 23 de
1280 1900 177 23 PUYVALLEE
1483 1900 73 28 (&«""•

867 1936 47 29 de),
933 1937 38 27 91,
981 1942 90 16 avenue
1081 1936 29 22 de
1118 1935 84 30 Clichy
1216 1936 78 28 (xvu")
1340 1938 31 18 et
1390 1934 57 23 villa
1462 1942 11 12 «
1495 1933 60 23 Mon-

867 1969 78 31 Repos
963 1978 20 19 »,
1001 1974 34 20 El
1050 1971 107 21 Auxerre
1172 1970 109 27 (îoniie).

838 2007 150 24 ROUVILLE
1017 2007 112 30 (Amédée
1148 2006 47 30 de),
1210 2006 26 23 0.
1306 2006 33 31 [et
1361 2005 66 31 M"'],
1452 2007 38 27 64,
1516 2013 44 16 rue

866 2042 113 23 Monceau
995 2042 80 29 (vin").

838 2080 150 24 ROUVILLE
1013 2081 38 29 (M.
1068 2084 25 19 et
1116 2080 50 23 M°-
1184 2078 80 25 Pierre
1293 2079 49 31 de),
1371 2080 50 28 191,
1451 2086 43 16 rue
1522 2079 30 24 do

866 2115 152 24 l'Université
1034 2116 74 29 (vu*).

836 2154 151 24 ROUVILLE
1007 2154 57 30 (M-
1081 2154 73 31 Sylva
1167 2153 49 31 de),
1239 2154 38 29 53,
1291 2161 44 16 rue
1350 2153 28 23 de
1393 2153 83 30 Clichy
1500 2153 51 30 (ix«)

866 2189 35 30 [H
919 2189 103 31 300.83].

837 2222 122 28 ROUVRE
973 2227 59 29 (M-
1045 2226 49 31 de),
1109 2228 23 29 6,
1147 2234 43 16 rue
1204 2227 28 23 de
1242 2226 107 23 Téhéran
1367 2227 80 29 (vm«).
