1749 2481
427 84 159 31 MENTON
707 81 354 33 ALPES-MARITIMES

1190 84 158 30 MENTON

399 179 138 37 VUE
574 172 358 44 GÉNÉRALE
972 179 84 34 DE
1090 179 281 36 MENTON

664 1340 175 23 MENTON.
916 1340 178 22 Panorama

535 1443 366 28 TOPOGRAPHIE
932 1444 64 27 DE
1036 1443 213 28 MENTON
1601 1425 57 47 Jfl

202 1567 38 23 La
253 1566 61 23 ville
328 1565 31 24 de
372 1566 107 23 Menton
492 1567 40 21 est
546 1564 101 23 célèbre
661 1570 47 23 par
723 1564 25 23 la
763 1563 91 24 beauté
868 1564 32 23 de
914 1571 49 16 son
978 1563 102 24 climat.
1101 1563 54 23 Elle
1169 1566 40 20 est
1222 1564 144 24 construite
1388 1571 31 17 en
1440 1564 192 31 amphithéâtre

153 1612 33 17 ur
200 1612 35 16 un
252 1603 179 32 promontoire
445 1603 45 30 qui
505 1602 82 24 divise
600 1609 31 17 en
646 1602 69 23 deux
731 1602 99 31 parties
845 1610 50 16 une
911 1601 58 24 baie
983 1601 227 24 semi-circulaire
1225 1602 30 23 de
1269 1603 14 22 8
1298 1602 151 24 kilomètres
1463 1603 31 23 de
1508 1603 123 30 dévelop-

145 1645 110 29 pement.
277 1643 48 23 Les
347 1642 91 24 hautes
461 1644 153 28 montagnes
635 1641 43 30 qui
698 1641 153 24 l'entourent
866 1643 24 22 et
904 1641 25 23 la
950 1640 179 31 garantissent
1143 1640 45 24 des
1208 1643 72 21 vents
1302 1641 34 24 du
1355 1641 81 27 Nord,
1452 1641 37 23 lui
1508 1645 125 20 assurent

144 1690 51 15 une
209 1682 175 31 température
399 1681 65 23 tiède
474 1683 24 21 et
512 1683 142 25 constante,
670 1679 45 31 qui
730 1679 25 24 la
766 1680 46 23 fait
827 1680 155 23 rechercher
992 1679 239 31 particulièrement
1245 1679 45 24 des
1306 1680 116 24 malades
1436 1683 25 21 et
1479 1680 47 23 des
1541 1687 91 17 conva-

153 1720 124 25 lescents.

203 1773 42 22 Du
267 1772 63 24 haut
348 1773 44 23 des
411 1772 117 27 collines,
549 1779 33 16 on
599 1771 66 30 jouit
679 1771 76 24 d'une
774 1778 49 16 vue
842 1771 161 30 magnifique
1019 1777 47 17 sur
1081 1770 26 23 la
1123 1777 54 16 mer
1191 1773 24 21 et
1229 1777 46 17 sur
1293 1771 39 23 les
1349 1771 92 30 Alpes.
1465 1771 49 23 Les
1528 1778 102 23 prome-

143 1810 80 23 nades
237 1810 17 24 à
271 1810 103 24 Menton
391 1811 93 23 offrent
499 1817 34 16 un
550 1810 107 23 charme
676 1809 145 31 particulier
871 1810 22 22 le
912 1809 106 28 terrain,
1040 1809 138 23 fortement
1196 1809 142 27 accidenté,
1359 1810 118 29 présente
1498 1809 15 23 à
1532 1809 101 30 chaque

142 1851 123 21 tournant
280 1849 31 23 de
326 1849 26 22 la
366 1852 81 24 route,
462 1856 35 16 un
512 1848 109 24 horizon
636 1855 126 16 nouveau.
779 1848 69 23 Mais
863 1848 64 23 c'est
940 1847 220 30 principalement
1179 1847 22 22 le
1221 1848 53 29 Cap
1296 1848 106 27 Martin,
1424 1847 27 23 la
1470 1849 74 21 route
1562 1847 31 23 de
1607 1847 25 23 la

144 1886 135 27 Corniche,
302 1887 36 22 La
360 1887 106 28 Turbie,
487 1885 186 28 Monte-Carlo,
695 1886 34 22 où
753 1892 45 17 ces
818 1885 171 31 promenades
1011 1892 27 16 se
1057 1885 176 23 renouvellent
1254 1886 128 29 toujours,
1402 1892 62 16 sans
1484 1884 98 31 fatigue
1609 1887 24 21 et

138 1932 62 16 ^veJ1
215 1932 34 15 un
264 1924 56 30 ^ïT't!
337 1924 94 31 plïitsir

197 1976 116 26 Menton,
329 1982 33 16 on
378 1975 32 23 l'a
425 1975 44 27 dit,
484 1978 38 20 est
536 1981 50 17 une
600 1974 52 23 fille
665 1974 35 24 du
718 1974 83 28 soleil,
817 1981 104 16 comme
936 1975 102 23 Cannes
1053 1976 25 21 et
1093 1973 56 25 Nice
1195 1973 86 24 moins
1295 1974 91 30 altière
1399 1974 39 30 que
1451 1974 78 30 l'une,
1546 1974 88 23 moins

138 2015 65 23 faste
218 2021 50 24 que
284 2014 92 23 l'autre
406 2013 66 24 C'est
486 2013 26 23 la
527 2012 164 31 bourgeoisie
705 2012 122 28 aimable,
841 2013 148 30 également
1004 2012 52 24 loin
1070 2012 31 24 de
1117 2012 26 23 la
1159 2019 110 23 morgue
1284 2015 24 21 et
1322 2012 34 24 du
1372 2012 95 24 bonnet
1477 2012 153 30 par-dessus

138 2053 39 23 les
198 2052 123 27 moulins,
342 2059 51 16 une
414 2052 114 23 manière
547 2051 136 30 d'alpestre
701 2051 158 29 Cendrillon,
882 2051 15 23 à
912 2051 30 23 la
964 2051 134 31 pantoufle
1116 2051 95 24 brodée
1234 2050 31 23 de
1284 2051 89 27 fleurs,
1397 2051 54 30 qui,
1471 2053 71 21 entre
1564 2050 67 24 deux

140 2098 88 18 sœurs
244 2091 58 31 plus
320 2091 141 27 brillantes,
477 2091 80 30 garde
575 2097 93 16 encore
687 2097 46 17 son
750 2090 59 31 prix
824 2093 24 21 et
865 2090 64 23 n'est
943 2090 75 30 point
1038 2096 63 17 sans
1121 2089 74 24 avoir
1211 2089 111 30 conquis
1338 2089 57 31 déjà
1414 2089 38 24 les
1477 2089 106 24 faveurs
1601 2089 30 23 de

143 2131 59 31 plus
217 2130 60 24 d'un
292 2130 89 30 prince
393 2137 31 16 en
439 2129 189 32 déplacement.
