1749 2481
678 79 352 31 ALPES-MARITIMES

1198 81 87 30 NICE

426 82 88 30 NICE

123 176 136 25 Maeyrer
280 173 71 30 (B"™"
366 173 47 30 de),
435 173 58 23 villa
514 169 324 31 Terra-Amata,boulevard

152 203 98 23 Carnot.

123 245 124 25 Magnan
263 241 57 30 (Dr),
335 243 37 26 24,
388 241 56 31 quai
459 241 229 30 St-Jean-Baptiste.

124 282 137 26 Magnien
274 280 78 28 (M.),
367 281 38 27 18,
419 288 93 15 avenue
528 280 122 23 Beaulieu.

124 320 135 27 Magnien
274 318 57 29 (M™1
348 318 47 31 de),
411 320 21 27 3,
449 321 67 21 route
531 318 28 23 de
575 318 23 23 la
615 317 125 24 Corniche.

124 361 107 25 Magny
246 357 46 30 (Mu
307 361 23 19 et
342 356 48 24 Mu*
398 356 46 31 de),
455 356 35 31 19,
507 355 330 30 rue-St-François-de-Paule.

125 398 107 27 Magny
247 395 38 31 (A.
301 395 48 30 de),
364 395 59 23 villa
435 395 94 29 Zénith,
545 402 92 16 avenue
652 394 119 24 Bellevue.

125 436 117 21 Maistre
258 433 112 32 (Joseph),
387 434 88 24 Consul
492 434 29 23 de
534 434 117 30 Belgique
667 435 24 21 et
710 432 128 24 Vice-Con-

153 473 40 23 sul
206 473 145 29 d'Espagne,
367 473 22 27 8,
405 478 88 17 avenue
508 471 106 23 Masséna
626 472 33 29 [3î
678 472 70 29 1.62].

124 513 138 21 Malaoria
277 510 75 30 (Mm«),
364 510 25 30 9,
405 517 43 17 rue
462 510 89 24 Blacas.

123 551 184 22 Malausséna
328 549 117 30 (Arthur),
469 549 95 27 Avocat,
589 548 93 29 Député
695 549 41 23 des
750 548 87 28 Alpes-

154 589 145 27 Maritimes,
315 589 36 27 15,
367 595 43 16 rue
423 587 31 23 du
469 587 86 24 Palais.

123 628 140 22 Malézieu
290 626 57 31 (de),
377 626 265 28 Lieutenant-Colonel,
682 626 37 28 18,
749 632 89 16 avenue

154 657 166 22 Notre-Dame.

124 698 109 25 Malgat
246 695 41 29 (Dr
300 699 24 19 et
337 694 48 24 M»*
399 694 106 30 Joseph),
522 696 36 25 15,
574 701 42 16 rue
629 693 116 24 Masséna.

125 737 138 24 Manquât
287 734 39 28 (Dr
338 733 154 30 Alexandre),
515 733 38 28 ifc,
576 733 97 29 Agrégé
686 732 33 24 du
739 732 98 24 Val-de-

155 767 86 29 Grâce,
255 769 23 26 2,
293 775 42 15 rue
349 767 98 30 Deloye.

125 807 165 22 Manteuffel
315 806 71 29 (B""™
409 804 47 31 de),
480 804 83 24 viletta
588 804 104 31 Mihliga,
716 806 14 21 à
750 803 87 24 Cimiez

157 840 27 30 [*
197 840 81 30 4.10].

126 882 116 25 Marçay
257 878 49 30 (B°-
320 878 48 29 de),
383 880 22 27 8,
416 885 91 16 avenue
523 872 121 29 Beaulieu.

125 917 177 30 Marçay(B™
316 917 43 24 Ed.
373 917 47 29 de),
431 917 82 29 viletta
528 915 78 30 Mirza,
619 915 65 30 boul.
697 915 26 30 de
739 915 98 24 Cimiez.

125 958 172 27 Marguerite
312 957 49 29 (B™
369 960 23 18 et
401 956 61 23 B"
475 955 47 31 de),
528 958 23 27 7,
557 962 91 16 avenue
658 954 41 24 des
711 954 124 31 Orangers.

124 997 172 26 Marguerite
320 997 34 21 de
376 997 31 20 la
431 995 152 22 Charlonie
615 993 55 31 (P.],
698 993 138 30 Ingénieur,

156 1030 34 25 13,
206 1036 42 15 rue
262 1028 138 23 Maccarani.

124 1069 123 21 Matitan
262 1067 108 29 (Colonel
378 1070 25 20 et
411 1066 48 23 M»1
476 1066 48 30 de),
541 1068 38 25 21,
594 1065 131 24 boulevard
740 1058 96 31 Dubou-

154 1105 80 29 chage.

124 1146 102 21 Martel
244 1143 38 30 (M.
298 1147 24 19 et
334 1143 48 23 M"*
397 1142 118 31 Caristie),
532 1144 37 27 10,
583 1150 90 16 avenue
685 1142 121 24 Beaulieu.

124 1183 106 22 Martin
245 1182 73 31 (Th.),
332 1181 58 24 villa
403 1181 169 28 Pas-du-Tout,
587 1189 42 15 rue
643 1180 91 23 Balzac.

125 1221 104 23 Martin
241 1221 54 29 (P.),
303 1221 139 29 Ingénieur,
452 1221 129 23 Directeur
588 1220 32 23 du
633 1218 84 24 Crédit
726 1219 110 28 Foncier,

153 1260 37 28 48,
206 1266 42 16 rue
262 1257 128 26 Gioffredo.

125 1298 273 23 Martin-Lanciarez
413 1296 112 31 (Ch.-E.),
540 1297 93 24 Ancien
649 1296 186 28 Ambassadeur,

154 1337 22 27 4,
191 1342 43 16 rue
249 1337 91 22 Sulzer.

124 1376 105 22 Martin
246 1377 34 21 de
294 1378 196 24 Roquebrune,
504 1376 37 26 54,
553 1380 90 17 avenue
660 1373 29 24 de
706 1373 23 23 la
742 1373 70 24 Gare.

124 1413 133 23 Masséna
285 1413 126 29 (Charles),
437 1412 58 24 villa
520 1412 116 28 Masséna,
663 1415 68 20 route
758 1411 28 24 de
814 1412 22 22 la

155 1445 122 24 Corniche.

129 1486 149 27 Massingy
294 1486 125 21 d'Auzac
446 1483 44 31 (M'"
501 1483 44 31 de),
563 1483 58 23 villa
635 1482 199 32 Massingy-d'Au-

155 1525 48 21 zac,
220 1520 23 25 2,
258 1519 95 23 boulev.
370 1518 94 23 Cimiez.

124 1559 130 21 Maubert
269 1555 78 31 (Mm.),
361 1556 59 23 villa
432 1555 118 29 Maubert,
564 1555 130 23 boulevard
708 1555 96 23 Carnot.

124 1596 114 22 Maurin
248 1595 40 29 (Dr
301 1593 48 32 G.),
364 1596 22 27 5,
402 1601 42 16 rue
457 1593 126 31 Papacino.

124 1636 67 26 May
202 1632 72 31 (C1""
288 1632 73 24 Marie
374 1632 49 31 de),
438 1634 37 27 10,
490 1639 43 16 rue
546 1631 30 24 de
590 1631 81 24 Rome.

124 1675 100 25 Mayer
238 1671 63 31 (A.),
317 1672 35 27 10,
369 1679 42 15 rue
424 1670 124 24 Adélaïde.

124 1712 99 26 Mayer
238 1710 58 30 (N.),
311 1710 59 23 villa
382 1709 99 29 Marthe,
495 1708 94 24 chemin
603 1708 42 24 des
659 1708 158 24 Beaumettes.

123 1749 172 27 Mayrargue
306 1749 37 29 (M.
366 1752 24 19 et
403 1749 48 22 M™'
466 1748 47 29 G.),
524 1749 96 27 Avocat,
642 1749 37 27 35,
701 1754 91 17 avenue
805 1748 29 22 de

154 1785 25 25 la
191 1785 63 25 Gare.

123 1826 172 26 Mayrargue
310 1824 140 29 (Edouard),
466 1825 36 27 10,
516 1831 90 16 avenue
619 1824 114 23 Masséna.

123 1862 128 23 Médecin
272 1861 38 30 (M.
330 1866 24 18 et
370 1862 50 23 Mm*
434 1861 152 30 Alexandre),
596 1862 97 27 Avocat,
707 1863 23 27 6,
745 1869 89 16 avenue

153 1894 168 24 Notre-Dame.

120 1934 121 21 Mercier
256 1933 50 29 (J.),
321 1934 37 26 23,
372 1933 65 22 Unil.
453 1932 166 30 Vieter-llugo,
635 1931 58 24 villa
705 1932 105 24 Mercier.

121 1972 125 22 Merinos
263 1970 56 29 (de),
337 1972 35 26 11,
389 1976 42 18 rue
446 1970 104 24 Rossini.

123 2009 100 28 Meyer
237 2008 52 29 (Ed.
306 2009 47 29 de),
369 2011 22 26 2,
407 2015 42 17 rue
464 2008 173 30 d'Angleterre.

123 2048 173 27 Meyronnet
310 2049 33 21 de
358 2049 166 21 Saint-Marc
541 2045 38 31 (de
594 2048 94 26 Boyer
701 2046 30 23 de
744 2049 88 21 Fons-

153 2083 138 26 colombe,
316 2081 40 23 B°»
377 2080 101 31 Jacques
501 2079 37 31 de)
564 2079 33 30 [et
619 2080 63 22 B™1"
704 2081 42 23 née
769 2080 65 24 Ellen

154 2117 96 21 Nixon
267 2115 107 30 Waln],
390 2115 58 24 villa
464 2114 71 24 Marie
554 2113 37 32 [je
603 2114 74 30 0.53],
690 2115 144 30 promenade

155 2148 41 33 des
209 2148 109 33 Anglais.

125 2188 92 22 Miard
230 2190 33 22 de
278 2190 163 27 Chastaing,
455 2189 38 26 20,
507 2194 42 16 rue
562 2185 123 26 Adélaïde.

890 180 135 23 Michaud
1038 182 33 21 de
1090 184 179 21 Beauretour
1287 182 90 29 (B"),
1396 188 87 17 avenue
1502 182 29 23 de
1548 182 58 23 Can-

921 217 47 29 dia,
983 217 65 24 Tour
1062 218 116 25 Lascaris.

890 257 86 22 Micol
990 257 141 31 (François},
1146 258 96 29 Avocat,
1259 260 21 27 7,
1296 266 41 16 rue
1352 258 28 23 de
1397 259 163 31 Longchamp.

890 296 82 22 Millo
990 297 32 21 de
1042 298 153 22 Terazzani
1225 297 56 30 (M""
1305 297 48 29 de),
1377 299 22 27 4,
1427 305 43 16 rue
1500 298 106 24 Masséna

920 325 34 29 [H
972 326 72 29 5.44].

890 365 82 22 Millo
989 366 33 21 de
1038 367 168 21 Terrazzani
1232 366 33 28 (E.
1288 365 49 29 de),
1353 366 90 24 Consul
1458 366 30 24 de
1502 367 77 24 Suède
1592 368 14 23 à

920 402 108 30 Monaco),
1041 402 27 30 2,
1088 410 42 16 rue
1145 403 97 24 Gounod
1260 404 34 29 [35
1313 404 72 30 2.20].

891 441 91 22 Milon
1004 443 33 21 de
1061 444 165 21 Verraillon
1253 442 95 31 (B™0),
1364 444 35 27 17,
1417 443 129 24 boulevard
1562 444 46 23 Du-

919 478 131 31 bouchage.

890 517 118 28 Mizgier
1023 517 38 29 (M.
1077 522 24 18 et
1115 517 66 31 M1"),
1196 520 23 26 2,
1235 526 41 16 rue
1292 519 169 30 d'Angleterre.

890 556 111 22 Molder
1017 555 57 30 (M°"
1089 556 49 29 de),
1154 558 37 26 17,
1206 564 43 16 rue
1262 556 29 23 de
1305 557 113 30 Lepaute.

890 596 171 26 Mongolfier
1074 595 57 30 (de),
1148 596 49 26 142,
1214 603 41 15 rue
1270 596 27 22 de
1313 596 96 28 France,
1420 596 59 24 villa
1493 596 111 24 Bardero.

890 635 154 25 Monproflt
1057 634 203 30 {Commandant),
1275 636 38 26 22,
1328 636 65 22 boul.
1409 635 166 32 Dubouchage..

890 673 173 21 Montebello
1078 672 129 28 (Lannes,
1224 673 49 23 Duc
1287 673 47 28 de),
1350 673 26 23 0.
1392 674 27 27 #
1441 674 34 29 [et
1491 674 56 22 D~"
1563 676 42 22 née

919 704 30 23 de
964 707 38 20 La
1016 708 113 26 Grange
1143 707 124 30 O'Tard],
1282 707 58 22 villa
1354 707 119 29 Kersaint,
1493 710 37 26 81,
1546 709 56 30 quai

920 738 32 23 du
967 739 65 22 Midi.

890 780 182 26 Montebello,
1089 779 38 23 P"
1141 779 29 23 de
1184 780 113 22 Sievers
1313 782 130 27 (Lannes,
1453 781 37 22 M*»
1499 781 103 23 Maurice

919 815 38 29 de)
976 815 32 31 [et
1021 816 47 24 W"
1083 818 43 22 née
1141 818 83 29 Hay],
1239 818 57 23 villa
1311 819 117 23 Kersaint.

889 856 151 27 Montigny
1055 854 56 30 (Mme
1127 855 46 30 de),
1189 863 42 16 rue
1245 855 106 24 Gallean.

888 894 208 22 Montvaillant
1113 893 88 31 (Pierre
1213 894 46 30 de),
1276 894 25 23 0.
1313 894 25 23 A.
1356 894 40 31 4J,
1407 895 72 29 *,M.
1489 895 38 29 A.,
1544 896 60 24 villa

920 930 102 30 Césaric,
1038 939 92 15 avenue
1146 932 91 23 Thiers.

888 971 120 22 Morcoff
1027 970 43 29 (Ct6
1093 970 29 24 N.
1147 971 46 29 de),
1217 971 58 23 viila
1303 971 140 31 Serpolette,
1468 971 134 26 boulevard

917 1004 151 24 Montboron.

888 1045 119 25 Morgan
1021 1044 160 27 d'Espagny
1194 1044 76 28 (M"),
1285 1046 37 25 68,
1337 1051 42 17 rue
1395 1045 28 22 de
1437 1045 97 23 France.

888 1083 105 21 Moriez
1009 1081 40 30 (Dr
1071 1081 38 30 R.)
1133 1082 37 29 ^f,
1200 1082 135 24 Conseiller
1356 1083 106 28 général,
1492 1085 36 26 40,
1558 1090 43 17 rue

918 1119 134 23 Pastorelli.

889 1159 87 21 Moris
991 1157 37 29 (M.
1040 1160 24 20 et
1072 1157 48 23 M™
1131 1157 90 30 Henri),
1233 1158 176 24 Archivlstedu
1419 1160 179 29 Département,

918 1197 38 26 20,
971 1195 131 23 boulevard
1118 1196 167 30 Dubouchage.

888 1235 135 27 Mougins
1038 1236 32 21 de
1086 1236 153 26 Roquefort
1254 1234 76 31 (Mme),
1345 1236 42 23 née
1401 1236 137 29 Médecin,
1563 1238 37 27 30,

918 1280 43 16 rue
974 1273 101 27 Alberti,
1090 1273 59 23 villa
1161 1273 113 23 Médecin.

888 1314 139 25 Moyland
1043 1311 57 30 (de),
1116 1312 58 23 villa
1188 1312 161 24 Mezzo-Monte
1369 1313 92 23 chemin
1477 1313 29 24 de
1524 1314 76 23 Bran-

917 1346 73 23 colar.

887 1386 219 26 Muller-Magni
1122 1384 57 31 (M.),
1196 1385 97 29 Consul,
1307 1386 23 28 7,
1345 1393 43 16 rue
1403 1385 32 24 du
1452 1386 82 23 Soleil.

887 1425 111 20 Muscat
1012 1422 37 31 (M.
1066 1426 24 19 et
1102 1423 49 23 Mml
1165 1423 94 30 Emile),
1278 1424 88 23 Avocat
1386 1424 89 24 Consul
1497 1425 103 27 d'Haïti,

917 1462 37 26 43,
968 1461 130 23 boulevard
1113 1461 166 30 Dubouchage.

887 1501 128 25 Myèvre,
1029 1499 131 24 boulevard
1171 1500 28 23 de
1211 1500 169 30 l'Impératrice
1396 1500 28 23 de
1439 1501 93 28 Russie,
1543 1500 58 23 villa

917 1532 102 31 Myèvre.

887 1603 83 21 Naldi
986 1601 39 28 (Dr
1038 1601 40 28 J.),
1094 1603 22 25 1,
1131 1607 41 17 rue
1188 1600 30 24 du
1237 1601 85 23 Palais.

886 1642 122 21 Navello
1024 1639 57 30 (A.),
1096 1640 97 27 Avocat,
1210 1640 36 27 11,
1263 1646 42 17 rue
1322 1640 277 27 St-François-de-Paule.

886 1680 85 26 Negri
988 1677 57 30 (de),
1060 1679 37 27 31,
1113 1684 91 17 avenue
1219 1677 159 25 Desambrois.

887 1718 146 22 Neukirch
1053 1716 71 30 (B*™#
1138 1716 48 29 de),
1211 1716 56 24 villa
1281 1716 68 29 Dick,
1376 1725 90 16 avenue
1489 1718 109 31 Lympia.

886 1757 193 26 Neuscheller,
1097 1754 58 23 villa
1171 1754 111 29 Gentille,
1297 1763 91 16 avenue
1402 1755 166 25 Caravadossi.

886 1796 143 25 Newbery
1044 1792 34 30 (E.
1103 1792 46 30 C.),
1172 1793 62 23 boul.
1258 1793 204 31 Joseph-Garnier,
1478 1794 59 23 villa
1550 1794 50 23 Bel-

915 1827 109 30 Respiro.

886 1866 129 22 Nicholls
1029 1866 123 26 Edwing
1166 1865 58 28 (M™
1240 1864 89 29 Marie),
1344 1867 37 26 39,
1400 1866 132 23 boulevard
1548 1865 52 24 Vic-

915 1898 121 29 tor-Hugo.

886 1935 346 29 Nicolau-Barraqué(Dr),
1247 1935 57 23 villa
1318 1936 80 28 Marie,
1414 1943 42 16 rue
1470 1937 32 23 du
1518 1936 70 24 Soleil

886 1975 81 21 Nicot
980 1975 34 21 de
1028 1975 157 21 Villemain
1200 1972 75 31 (Mm#),
1291 1975 22 27 8,
1333 1981 88 16 avenue
1440 1975 114 22 Masséna.

885 2014 126 22 Noailles
1027 2012 44 28 (C«"
1086 2011 102 23 Mathieu
1208 2011 37 29 de)
1261 2012 33 30 [et
1312 2012 62 24 C"
1395 2014 42 22 née
1460 2014 29 23 de
1509 2017 90 20 Bran-

915 2045 110 31 cova.n],
1039 2045 67 31 place
1120 2045 135 29 Francklin,
1269 2045 58 24 villa
1338 2046 99 24 Berlioz.

886 2086 174 27 Noettinger,
1074 2084 58 23 villa
1147 2083 111 30 Fortuné,
1274 2092 42 15 rue
1331 2083 106 26 Galléan.

886 2126 112 25 Nussey
1013 2122 77 30 (M™1),
1105 2123 38 27 22,
1157 2122 131 23 boulevard
1302 2123 138 24 Carabacel.

887 2164 68 20 Nutt
968 2161 77 30 (M™"),
1061 2161 74 27 15-17,
1152 2161 144 30 promenade
1311 2161 41 24 des
1366 2161 108 32 Anglais.
