1749 2481
420 67 65 33 IGE
668 69 360 31 ALPES-MARITIMES
1205 69 90 31 NICE

400 233 569 59 ALPES-MARITIMES
1004 241 269 52 (Département
1292 241 77 49 des)

486 459 408 32 PHYSIONOMIE
939 451 316 40 GÉNÉRALE
1598 450 38 75 1

182 548 34 24 Le
230 549 178 30 département
423 547 45 24 des
482 547 244 31 Alpes-Maritimes
745 548 54 24 doit
818 555 49 17 son
882 555 61 17 nom
957 555 54 16 aux
1030 547 107 25 chaînes
1152 548 47 23 des
1214 547 81 32 Alpes
1311 547 46 31 qui
1371 548 121 24 viennent
1507 548 110 31 plonger

119 586 72 24 leurs
212 587 92 24 hardis
323 586 194 32 promontoires
538 586 65 24 dans
622 586 26 24 la
668 586 200 25 Méditerranée.
891 586 21 24 Il
931 589 41 21 est
989 586 144 31 justement
1155 586 103 24 célèbre
1280 593 48 24 par
1350 586 26 24 la
1402 587 91 24 beauté
1514 587 31 23 de
1568 594 48 16 son

120 625 115 31 littoral,
255 626 26 24 le
299 625 107 24 charme
422 625 31 24 de
467 633 42 16 ses
525 625 112 29 vallons,
652 626 27 23 la
699 626 191 30 magnificence
904 626 32 23 de
950 632 42 17 ses
1007 626 96 24 hautes
1116 625 106 29 vallées,
1238 628 26 21 et
1279 628 106 22 surtout
1398 633 48 24 par
1461 626 26 23 la
1500 625 118 25 douceur

120 665 213 30 exceptionnelle
347 665 31 23 de
393 672 48 16 son
456 664 91 25 climat
560 664 46 31 qui
621 665 76 23 attire
717 665 103 30 chaque
837 665 95 29 année,
951 671 32 17 en
999 664 84 29 hiver,
1098 671 36 17 un
1155 665 52 23 très
1224 665 84 30 grand
1329 665 109 23 nombre
1457 665 160 30 d'étrangers

122 703 119 24 malades
255 703 203 24 valétudinaires
475 706 24 21 et
518 703 60 24 bien
595 706 129 28 portants.

182 756 43 24 Du
240 755 72 31 golfe
328 755 30 24 de
373 755 25 24 la
413 755 121 31 Napoule
552 755 16 24 à
583 755 25 24 la
623 755 127 24 frontière
771 755 137 29 italienne,
931 755 163 24 c'est-à-dire
1107 755 32 24 de
1154 755 102 24 Cannes
1272 756 16 23 à
1302 756 126 28 Menton,
1450 758 55 21 tout
1518 755 100 32 respire

121 794 26 24 la
168 795 109 23 lumière
292 797 25 21 et
330 795 25 23 la
376 795 48 23 vie.
449 795 150 30 L'oranger,
621 794 23 24 le
664 794 155 29 citronnier,
841 794 110 24 l'acacia
967 794 32 24 de
1017 794 144 31 pharnèse,
1182 801 32 17 en
1235 801 35 17 un
1292 797 54 21 mot
1363 797 85 22 toutes
1463 794 38 25 les
1515 795 103 31 plantes

122 834 156 28 odorantes,
300 836 127 28 poussent
441 841 31 16 en
489 833 86 31 pleine
591 835 76 28 terre,
685 833 172 24 embaumant
871 833 32 24 de
919 833 72 24 leurs
1005 832 122 32 parfums
1144 832 38 25 les
1202 832 156 32 privilégiés
1372 834 46 30 qui
1432 833 125 32 peuplent
1575 841 43 16 ces

122 872 137 25 demeures
274 875 196 28 somptueuses.

184 925 39 23 La
238 924 93 24 beauté
345 924 209 31 exceptionnelle
569 924 36 25 du
621 924 92 25 climat
727 925 47 24 des
790 924 246 32 Alpes-Maritimes
1050 926 39 22 est
1105 924 50 25 due
1168 924 219 32 principalement
1399 926 16 23 à
1430 932 47 17 son
1491 925 128 24 heureuse

121 963 160 32 exposition.
302 964 70 23 Cette
392 963 87 31 partie
495 963 35 24 du
547 963 98 24 littoral
664 966 58 26 est,
744 971 30 17 en
795 964 73 29 effet,
889 970 103 17 comme
1012 970 53 17 une
1085 970 71 17 serre
1173 963 115 28 chaude,
1311 963 99 25 abritée
1428 964 46 24 des
1490 967 76 21 vents
1585 964 34 24 du

122 1002 78 24 Nord
218 1009 49 24 par
282 1002 39 24 les
341 1002 92 31 Alpes,
453 1002 117 24 formant
584 1002 102 29 rideau,
707 1005 25 22 et
745 1010 114 24 presque
883 1004 195 23 constamment
1091 1004 124 22 caressée
1230 1010 49 24 par
1293 1003 38 23 les
1348 1003 85 24 brises
1446 1003 82 24 tièdes
1547 1003 32 24 de
1595 1003 25 24 la

122 1041 199 24 Méditerranée.

635 2196 119 24 NICE.
829 2195 297 24 Jetée-Promenade
