1749 2481
432 77 151 32 CANNES
713 81 357 31 ALPES-MARITIMES
1201 81 148 30 CANNES

387 173 139 37 VUE
583 168 360 45 GÉNÉRALE
995 178 83 35 DE
1122 178 260 36 CANNES

1590 335 19 25 ;fi

148 548 376 42 \fruÏMÎe0Ç2r&E%BBfr
618 497 464 93 Uti-rr--
1140 497 232 93 "Z^*
1430 497 174 93 :lH

675 1333 172 24 CANNiiS.
868 1333 21 24 –
908 1335 176 23 Panorama

122 1425 61 41 ^–
213 1425 30 41 b
521 1416 368 30 TOPOGRAPHIE
929 1418 64 28 DE
1033 1418 199 29 CANNES

120 1425 125 75 ^K

193 1533 37 23 La
245 1532 60 24 ville
318 1532 33 23 de
367 1533 104 23 Cannes
486 1535 40 21 est
543 1532 90 31 placée
648 1533 16 23 à
682 1532 157 24 l'extrémité
851 1532 42 24 Est
913 1533 34 23 du
963 1532 73 31 golfe
1049 1533 32 23 de
1100 1532 26 24 la
1142 1532 129 31 Napoule.
1293 1533 55 23 Elle
1367 1536 39 21 est
1426 1533 84 24 située
1527 1536 100 22 autour

132 1571 77 24 d'une
223 1571 76 31 petite
318 1578 63 17 anse
396 1574 24 20 et
437 1579 46 16 sur
500 1578 51 17 une
571 1570 98 24 colline
686 1570 45 31 qui
748 1577 28 17 se
793 1571 129 31 prolonge
938 1571 66 24 dans
1026 1571 26 23 la
1071 1578 55 16 mer
1146 1578 47 23 par
1213 1578 36 16 un
1267 1571 64 30 petit
1350 1572 183 30 promontoire
1550 1572 77 24 étroit

131 1617 50 23 que
197 1612 163 21 couronnent
375 1609 38 24 les
428 1612 74 21 tours
516 1609 176 31 pittoresques
707 1609 62 24 d'un
785 1609 115 24 château
915 1612 23 21 et
956 1610 75 23 d'une
1045 1609 92 31 église.

192 1654 35 22 Le
247 1652 96 24 massif
362 1653 31 23 de
408 1653 117 24 l'Estérel
539 1655 24 21 et
578 1653 38 23 les
632 1652 92 24 hautes
739 1652 109 24 collines
863 1652 44 31 qui
923 1653 153 24 l'entourent
1091 1654 25 22 et
1130 1653 131 24 l'abritent
1277 1653 45 24 des
1336 1656 73 21 vents
1424 1653 35 25 du
1475 1654 74 24 Nord
1570 1655 56 24 font

131 1692 30 23 de
180 1694 65 22 cette
260 1692 61 24 ville
337 1699 49 17 une
401 1693 46 22 des
462 1692 110 24 stations
590 1692 37 23 les
642 1692 61 31 plus
718 1691 122 25 salubres
857 1692 34 24 du
907 1692 107 24 littoral.
1031 1693 37 23 La
1083 1693 90 31 pureté
1188 1692 31 24 de
1233 1692 198 32 l'atmosphère,
1454 1693 172 24 l'abondance

130 1731 33 23 du
180 1731 88 27 soleil,
289 1731 25 24 la
330 1731 90 24 beauté
434 1732 32 23 de
481 1738 31 17 sa
530 1738 63 22 mer,
609 1731 26 24 la
649 1731 119 24 douceur
785 1734 24 21 et
829 1731 111 31 l'égalité
956 1732 31 23 de
1005 1738 49 17 son
1074 1731 90 24 climat
1184 1738 63 17 sous
1263 1739 34 16 un
1312 1732 50 23 ciel
1377 1732 120 30 toujours
1518 1732 59 24 bleu
1598 1732 27 25 la

131 1769 54 24 font
198 1770 157 24 rechercher
369 1770 241 31 particulièrement
623 1770 46 24 des
686 1770 117 24 malades
817 1774 25 20 et
858 1771 45 23 des
920 1770 206 24 convalescents.

188 1817 52 24 Les
253 1818 48 23 Iles
315 1818 31 23 de
363 1818 99 28 Lérins,
490 1818 16 24 à
523 1818 127 31 quelques
672 1818 120 23 brassées
807 1818 32 23 de
854 1818 114 27 Cannes,
992 1818 24 23 le
1030 1817 71 31 golfe
1115 1818 83 29 Juan,
1223 1818 23 23 le
1267 1818 114 28 Cannet,
1403 1818 132 29 l'Estérel,
1558 1817 66 25 Val-

129 1855 93 28 lauris,
239 1858 48 21 etc.
304 1856 94 24 offrent
412 1863 52 17 aux
482 1857 152 23 hivernants
649 1856 38 24 les
701 1857 154 23 attractions
870 1856 39 24 les
925 1856 60 31 plus
1000 1856 174 30 pittoresques
1188 1858 24 21 et
1227 1856 38 24 les
1280 1856 60 31 plus
1356 1856 113 24 variées.

188 1900 37 22 Le
239 1905 154 24 panorama,
409 1906 32 17 vu
456 1900 32 23 de
501 1900 27 23 la
543 1906 64 21 mer,
622 1902 40 20 est
678 1898 144 31 splendide.

189 1942 101 23 Cannes
307 1946 36 19 est
359 1942 22 23 le
396 1942 89 30 séjour
500 1942 102 30 préféré
617 1941 45 23 dos
682 1941 108 30 Anglais

188 1989 125 24 Ouvrons
327 1989 25 23 la
369 1989 65 24 Côte
448 1989 113 27 d'Azur,
577 1989 31 23 de
623 1989 40 23 M.
683 1988 113 31 Stéphen
813 1988 116 31 Liégeard
980 1998 12 11 «
1010 1989 111 28 Cannes,
1137 1988 75 28 dit-il,
1229 1987 52 24 fille
1297 1988 112 23 favorite
1423 1988 34 23 du
1474 1987 90 30 soleil,
1580 1990 41 21 est

127 2036 50 17 une
192 2029 159 31 patricienne
365 2029 32 23 de
411 2028 152 24 distinction
579 2028 137 30 suprême,
739 2028 16 22 à
774 2027 118 24 l'accueil
912 2028 116 27 réservé,
1049 2028 16 22 à
1085 2026 101 24 l'abord
1201 2033 34 17 un
1251 2033 49 23 peu
1315 2026 56 28 fier,
1388 2026 63 23 dont
1468 2026 37 24 les
1520 2026 101 24 bonnes

127 2070 94 28 grâces
241 2068 101 23 veulent
360 2069 54 22 être
433 2068 117 30 gagnées
570 2073 49 25 par
641 2066 38 24 les
699 2066 158 31 hommages
874 2073 34 17 ou
926 2065 142 31 conquises
1092 2072 48 24 par
1160 2065 23 24 le
1202 2065 100 23 mérite.
1319 2065 32 23 Et
1367 2064 127 24 vraiment
1515 2065 24 24 le
1558 2065 61 31 gain

128 2109 60 22 vaut
210 2107 100 31 l'enjeu.
335 2107 92 24 Assise
448 2114 54 17 aux
526 2105 116 25 derniers
665 2105 97 31 degrés
785 2105 61 24 d'un
866 2104 191 32 amphithéâtre
1079 2111 52 23 que
1155 2104 164 24 réchauffent
1339 2104 38 23 les
1400 2103 64 24 feux
1487 2103 35 25 du
1545 2104 75 28 Midi,

127 2146 122 30 protégée
263 2146 33 23 du
315 2146 72 24 Nord
401 2153 49 24 par
468 2153 52 17 une
539 2145 117 25 ceinture
677 2144 207 31 ininterrompue
903 2144 32 24 de
954 2143 123 29 collines,
1099 2143 107 24 bravant
1225 2143 23 23 le
1268 2142 102 24 mistral
1387 2149 64 17 sous
1470 2142 97 25 l'écran
1589 2143 31 24 de

126 2183 132 29 l'Estérel,
280 2187 24 21 et
326 2185 24 24 le
370 2185 86 24 siroco
479 2185 65 24 dans
559 2184 22 24 le
600 2184 37 32 pli
655 2184 176 24 harmonieux
853 2184 31 23 de
905 2190 48 17 son
975 2183 72 30 golfe
1067 2185 24 21 et
1106 2183 32 23 de
1152 2190 42 16 ses
1214 2182 61 28 Iles,
1294 2182 104 24 Cannes
1418 2189 31 17 ne
1465 2185 106 21 connaît
1593 2183 25 23 ni

126 2222 130 32 l'écharpe
271 2223 107 25 humide
392 2224 35 24 du
443 2224 159 28 brouillard,
618 2223 25 24 ni
659 2223 38 24 les
711 2223 113 25 cruelles
840 2229 134 18 morsures
989 2222 77 24 d'une
1080 2222 74 31 gelée
1169 2221 121 25 blanche.
1307 2230 13 13 »
