1749 2481
465 109 87 33 NICE
715 107 344 34 ALPES-MARITIMES
1219 108 87 32 NICE

509 243 121 35 LISTE
657 238 345 44 ALPHABÉTIQUE
1034 240 79 37 DES
1147 241 126 37 NOMS

753 358 78 26 NICE
848 355 51 33 [SI
916 355 34 33 \F
969 356 49 30 iS)

156 420 139 24 Abrantès
311 422 56 29 (Duc
381 419 30 32 d')
427 421 33 31 [et
472 422 54 22 i>
541 422 42 22 née
604 421 29 23 de
649 421 139 30 Maigretj,
802 420 58 23 villa

185 459 120 31 Myosotis,
320 460 78 23 vallon
412 459 41 24 des
467 457 91 26 Fleurs.

157 501 153 31 Ab-Yberg,
326 502 91 24 chemin
431 502 28 24 de
474 502 143 28 St-Charles,
632 501 57 24 villa
705 501 111 24 Victoria.

157 543 148 20 Acchiardi
322 540 70 30 (C"1"
407 541 40 30 d'),
462 542 23 27 5,
500 547 42 16 rue
556 540 107 24 Garnier.

157 585 133 22 Achiardi
305 583 119 31 (Eugène),
440 585 21 27 8,
476 581 89 26 avenue
579 583 30 24 de
623 584 23 23 la
662 584 68 24 Gare.

158 626 273 31 Achkinasi-Delines,
446 628 95 22 Homme
560 628 30 22 de
617 628 103 28 Lettres,
744 627 52 28 173,
820 632 41 16 rue

186 664 29 23 de
231 664 95 24 France.

156 704 142 23 Adhémar
312 703 44 30 (C"
373 703 40 30 d'),
426 705 38 26 23,
478 711 42 17 rue
537 705 75 23 Cotta.

157 741 103 24 Adrian
281 742 46 29 (B°«
344 742 41 29 d'),
406 743 57 22 villa
476 743 162 30 Mendiguren,
653 743 43 24 ,ch.
719 742 28 23 de
766 742 95 23 Cimiez.

156 782 105 27 Agrain
276 781 42 29 (C"
331 781 57 23 Jean
402 781 41 31 d'),
458 782 57 23 villa
529 781 45 29 St-V
585 781 79 29 allier,
682 781 65 23 boul.
762 780 28 24 de
805 780 58 24 l'Im-

184 816 124 29 pératrice.

156 855 122 22 Aimond
291 853 74 31 (M""),
380 855 37 28 32,
433 854 130 24 boulevard
579 853 165 31 Dubouchage.

157 893 146 22 Akmatoff
315 892 34 30 (F.
364 891 47 31 de),
426 894 23 27 8,
466 900 42 16 rue
523 893 28 23 de
566 893 97 23 France.

157 930 128 23 Alauzier
302 931 43 29 (C"
362 930 40 30 d'),
418 933 36 26 31,
470 938 41 16 rue
526 931 78 23 Cotta.

161 970 123 27 Alborgo
302 969 41 30 (C"
357 969 41 30 d'),
412 969 22 30 2,
449 976 42 16 rue
505 969 173 30 d'Angleterre.

158 1008 135 22 Albuféra
309 1007 35 30 (M"
355 1007 35 30 d')
405 1007 32 30 [et
446 1007 46 24 M1"
507 1009 41 22 née
563 1008 134 23 Masséna
712 1007 28 24 de
754 1008 107 28 Rivoli,

187 1041 76 31 p.
275 1041 140 31 d'Essling],
434 1041 56 24 villa
504 1042 114 23 Masséna.

158 1080 112 24 Alinval
287 1080 57 29 (M"*
357 1080 41 31 d'),
414 1081 57 23 villa
485 1079 84 30 Garro,
584 1088 44 16 rue
642 1080 172 31 Michel-Ange.

158 1120 99 22 Alizon
272 1119 101 30 {E.),
383 1120 127 23 Directeur
520 1121 30 22 de
565 1121 24 22 la
605 1120 97 30 Banque
718 1120 29 23 de
761 1119 100 29 France,

188 1158 50 28 101,
254 1157 55 31 quai
323 1156 32 24 du
369 1156 64 25 Midi.

158 1197 131 22 Almeida
304 1195 61 31 (Cu"
380 1196 41 29 d'),
436 1198 22 27 6,
474 1196 127 24 boulevard
617 1196 134 24 Carabacel.

158 1237 142 21 Alvarado
317 1234 34 30 (M.
368 1239 23 19 et
406 1235 48 24 M"*
468 1236 46 29 R.),
525 1235 59 24 villa
596 1235 109 29 Mireille,
719 1242 21 17 r.
755 1234 107 25 Gounod.

159 1276 142 20 Alvarado
319 1273 117 31 (Manuel),
450 1275 58 22 villa
522 1274 109 29 Mireille,
646 1281 42 16 rue
705 1274 107 24 Gounod.

159 1314 117 27 Alziary
290 1314 32 21 de
340 1315 152 26 Roquefort
508 1312 73 31 (M»'),
596 1314 38 28 37,
650 1312 64 24 boul.
730 1312 132 24 Gambetta.

158 1352 117 27 Alziary
288 1354 34 21 de
336 1354 153 25 Roquefort
506 1351 72 30 (Mu#),
594 1353 37 27 11,
650 1358 43 16 rue
707 1351 31 23 du
750 1351 84 30 Lycée.

158 1392 147 26 Ambourg
319 1390 49 30 (J.),
384 1392 37 27 31,
434 1390 66 23 boul.
518 1390 28 23 de
557 1390 205 30 l'Impératricede
772 1390 90 22 Russie.

160 1429 74 28 Amy
251 1429 37 30 (D'
302 1426 118 33 Georges),
430 1429 23 27 6,
468 1429 128 23 boulevard
612 1428 165 30 Victor-Hugo.

160 1468 89 21 Ancel
265 1466 73 31 (M"1),
352 1466 56 24 villa
422 1467 135 30 Joséphine,
572 1467 46 23 cité
633 1466 109 31 Lympia.

160 1506 172 27 Ancel-Setz,
347 1507 100 28 Député,
463 1508 21 26 1,
502 1513 89 16 avenue
606 1505 28 24 de
650 1505 23 24 la
689 1505 67 24 Gare.

160 1546 155 21 Andelarre
331 1544 62 30 (C"),
408 1551 43 15 rue
464 1544 197 28 François-Aune,
676 1544 61 22 villa
752 1544 111 30 Prosper.

160 1584 147 21 Anderson
322 1582 123 31 (Charles),
462 1590 42 16 rue
518 1582 106 29 Diderot,
646 1582 58 23 villa
717 1582 132 23 Anderson.

160 1623 120 21 Andreis
295 1621 128 29 (Annibal),
438 1621 95 28 Avocat,
545 1622 23 27 2,
579 1628 42 16 rue
636 1620 28 24 de
679 1620 23 23 la
716 1620 118 23 Terrasse.

160 1661 164 26 Angenoust
338 1660 106 29 (Elzéar),
461 1661 37 27 31,
514 1667 88 16 avenue
618 1659 120 24 Beaulieu.

160 1700 173 26 Angenoust,
350 1698 135 29 Capitaine,
502 1698 57 22 villa
573 1698 78 28 Diana,
664 1698 65 28 buul.
748 1697 95 23 Carnot.

163 1737 155 27 Apraxime
326 1735 90 31 (C1*),
425 1736 93 23 chemin
526 1735 28 23 de
563 1735 101 29 Fabron,
673 1735 67 30 villa
753 1735 108 30 Apraxime

160 1776 86 21 Arbel
265 1774 38 29 (1)'
320 1778 23 19 et
357 1773 48 24 M"#
423 1773 95 30 Lucien)
541 1773 51 30 [née
611 1773 180 30 Alamagny],
813 1780 52 23 pro-

190 1808 98 23 menade
301 1807 40 24 des
355 1807 104 30 Anglais,
474 1808 57 23 villa
546 1808 82 23 Arbel.

161 1847 105 24 Archer
276 1846 43 30 (O
333 1847 25 22 L.
370 1847 110 23 Joubert
494 1846 42 29 d'),
550 1847 39 27 21,
600 1853 90 17 avenue
705 1845 158 24 Desambrois.

161 1888 126 26 Archier,
302 1886 95 26 Avocat,
411 1888 23 26 a,
449 1891 42 16 rue
505 1885 107 28 Ferrero,
628 1884 58 23 villa
698 1885 80 23 Lucie.

160 1925 106 22 Ardoin
281 1923 70 30 (Ch.),
366 1925 102 22 Docteur
481 1930 29 17 en
526 1923 130 28 médecine,
667 1923 86 23 ancien
765 1924 101 23 externe

189 1960 41 22 des
247 1958 122 29 Hôpitaux
386 1958 28 23 de
427 1958 82 27 Paris,
526 1958 34 27 10,
580 1957 65 23 boul.
657 1956 168 31 Victor-Hugo.

161 2001 125 24 Argence
301 1996 115 30 (F.-L.-A.
432 1995 42 30 d'),
489 1998 21 26 4,
526 2003 42 16 rue
584 1996 84 23 Dante.

161 2037 125 21 Armand
301 2034 44 30 (C"
359 2039 23 19 et
397 2034 80 31 C1""),
494 2036 20 27 1,
529 2041 43 16 rue
588 2034 29 24 de
630 2034 160 31 Longchamp.

163 2075 123 22 Armand
300 2074 124 30 (Colonel),
440 2073 25 24 0.
482 2075 35 27 ijs,
528 2073 49 23 clos
592 2072 164 29 Chandeneux,
772 2072 92 23 chemin

191 2108 29 24 de
234 2108 93 24 Cimiez.

161 2147 120 23 Arnold!
295 2146 104 30 (Colonel
415 2146 35 24 Cu
463 2146 42 31 d'),
522 2152 89 17 avcnue
628 2145 165 31 Sto-Théràse,
808 2145 55 24 villa

191 2176 98 23 Aruoldi
304 2176 33 30 [H
350 2176 68 31 4-261.

163 2216 151 28 Arnulphy
329 2214 38 31 (Dr
379 2214 49 31 V.),
442 2215 37 29 88,
494 2221 88 17 avenue
595 2214 30 24 de
640 2213 22 24 la
677 2213 67 25 Gare.

912 423 131 27 Artigues
1058 422 71 29 (BM"
1143 419 41 32 d'),
1199 421 38 30 37,
1251 420 128 25 boulevard
1397 420 168 31 Victor-Hugo.

912 461 138 22 Astraudo
1067 460 56 28 (Due
1137 459 119 30 Amédée),
1273 459 89 24 Consul
1377 460 30 23 de
1423 460 22 23 la
1464 459 148 30 République

939 491 28 22 de
981 491 170 28 Saint'Marin,
1164 491 37 28 33,
1217 496 89 17 avenue
1319 490 115 23 Beaulieu.-

912 531 80 20 Aune
1002 527 97 31 (}.-&.),
1111 527 48 31 Vice
1171 527 73 31 Consul
1258 529 30 23 de
1300 528 121 31 l'Uruguay
1434 528 27 31 et
1475 528 139 24 Chancelier

941 560 31 21 du
988 558 112 24 Consulat
1114 559 28 22 de
1156 559 105 27 Monaco,
1276 565 43 17 rue
1334 558 126 31 Ségurane,
1477 560 34 21 16.

913 599 94 27 Autay
1022 596 50 31 (d'),
1086 604 89 16 avenue
1189 596 195 30 Saint-Maurice,
1399 596 58 24 villa
1471 596 110 31 d'Autay.

914 638 105 21 Auvare
1031 635 46 30 (B°°
1091 629 42 36 d'),
1152 635 56 24 villa
1226 635 127 28 d'Auvare-,
1369 636 91 23 chemin
1477 634 32 24 du
1522 634 93 25 Monas-

941 667 58 22 tère.

913 706 105 23 Auvare
1035 704 68 30 (B"*«
1117 704 28 24 A.
1156 703 42 30 d'),
1216 706 35 26 11,
1266 704 68 30 place
1348 704 101 24 Cassini.

913 745 94 25 Avray
1021 743 49 29 (B"
1089 742 30 23 de
1132 742 73 24 Ville
1221 742 42 30 d'),
1279 742 58 24 villa
1358 743 33 22 les
1409 742 113 29 Arcades,
1543 742 73 30 petite

941 779 88 17 avenue
1043 772 183 25 Saint-Maurice.

913 814 94 20 Auzac
1020 811 45 30 (M"
1077 811 28 23 de
1122 812 139 30 Massingy
1271 811 40 29 d'),
1326 811 65 23 houl.
1408 811 28 23 de
1450 811 94 28 Cimiez,
1559 811 56 22 villa

946 850 240 30 Massingy-d'Auzac.

914 941 180 23 Bacchialoni
1109 940 56 30 (Drj,
1183 942 22 27 5,
1221 941 66 29 place
1302 940 99 24 Cassini.

915 979 76 24 Bacci
1006 979 44 29 (C*
1066 979 117 29 Anibal),
1198 980 37 27 19,
1250 979 143 31 promenade
1410 979 41 24 des
1465 978 106 31 Anglais.

914 1020 155 21 Balaceano
1084 1018 70 29 (C"
1165 1017 47 31 de),
1222 1018 66 22 boul.
1299 1018 96 27 Carnot,
1407 1018 56 23 villa
1474 1016 140 24 Miramonti.

915 1058 124 22 Balestre
1053 1056 37 31 (Dr
1102 1056 99 31 Albert),
1213 1057 37 28 #,
1266 1058 23 26 3,
1305 1056 66 31 place
1382 1056 106 23 Masséna
1498 1055 33 32 [f.
1543 1054 72 32 0-49].

916 1096 123 27 Balfour,
1055 1094 91 24 chemin
1160 1094 29 24 de
1204 1094 96 29 Cimiez,
1315 1094 61 24 villa
1388 1094 97 24 Balfour.

916 1131 116 21 Balorre
1046 1128 46 30 (V*
1106 1128 25 24 C.
1146 1129 48 30 de),
1210 1130 24 27 6,
1249 1137 91 16 avenue
1354 1128 156 24 Malausséna.

915 1170 137 25 Bamberg
1062 1167 66 30 (B"),
1139 1174 89 16 avenue
1239 1167 158 28 Désambrois,
1411 1169 35 26 17,
1458 1167 59 23 villa
1527 1167 90 30 Fanny.

915 1207 88 23 Barbé
1015 1206 128 29 [Général),
1156 1206 25 22 0.
1193 1207 36 27 ijfc,
1240 1206 148 24 Gouverneur
1402 1206 29 24 de
1442 1206 63 28 Nice,
1517 1206 50 28 116,
1578 1212 40 16 rue

944 1242 28 22 de
984 1241 95 23 France.

915 1281 132 22 Barberet
1063 1278 74 32 (M™1),
1147 1278 58 24 villa
1218 1279 91 31 Nancy,
1324 1285 88 17 avenue
1426 1278 127 24 Val-Rose.

915 1320 104 26 Baréty
1035 1318 39 29 (Dr
1087 1318 26 29 et
1130 1317 47 24 M""
1193 1317 49 30 A.),
1259 1318 37 29 #,
1315 1317 77 31 palais
1408 1317 94 30 Baréty,
1519 1318 37 28 31,
1572 1324 42 16 rue

944 1352 68 24 Cotta
1026 1352 33 31 [Tr.
1073 1352 71 29 6.25).

916 1394 116 20 Barklet
1053 1391 70 30 (C'
1146 1390 47 30 3e),
1217 1390 58 23 villa
1299 1390 151 29 Francinelli,
1474 1390 91 23 chemin
1587 1389 29 23 de

944 1425 93 23 Cimiez.

916 1464 131 23 Barrême
1061 1463 72 30 (C'"1*
1147 1463 84 23 Hélion
1241 1463 49 30 de),
1301 1464 52 27 109,
1363 1469 42 17 rue
1413 1463 29 23 de
1453 1463 95 23 France.

916 1503 187 23 Bashkirtseff
1120 1501 56 30 (M"*
1190 1505 24 20 et
1237 1500 45 25 Mlu
1296 1501 90 31 Marie),
1414 1502 136 28 Rentières,
1566 1502 51 28 123,

949 1544 40 16 rue
1000 1536 28 24 de
1042 1536 95 24 France.

916 1577 85 21 Basso
1017 1574 108 31 (Honoré),
1137 1574 60 31 villa
1206 1574 137 30 Joséphine,
1353 1574 64 24 boul.
1429 1574 30 24 de
1470 1574 147 24 Montboron.

916 1614 140 22 Baudelin
1077 1614 182 29 {Commandant
1279 1613 46 30 E.),
1345 1613 27 23 0.
1392 1614 42 28 $?,
1448 1614 56 28 108,
1527 1618 42 16 rue
1590 1611 29 23 de

945 1648 94 23 France.

916 1687 116 22 Baudon
1047 1685 56 31 (D'),
1160 1686 28 29 5,
1205 1692 43 16 rue
1262 1685 90 23 Emma.

916 1726 149 22 Baudrand
1079 1724 37 29 (M.
1132 1728 23 19 et
1169 1724 67 29 M»'),
1250 1725 38 26 24,
1305 1722 128 24 boulevard
1456 1722 160 30 Victor-Hugo.

916 1764 231 22 Bauvine-Morel
1162 1762 57 30 (M™"
1234 1761 47 29 de),
1292 1763 37 25 31,
1340 1760 129 24 boulevard
1485 1761 133 26 Carabacel,

945 1797 56 23 villa
1015 1796 38 24 de.
1065 1796 101 24 Bauvine.

917 1837 98 26 Bayon
1030 1835 56 29 (A.),
1100 1836 37 27 25,
1154 1841 41 16 rue
1209 1834 30 22 de
1254 1834 23 22 la
1290 1833 80 23 Croix.

917 1875 98 27 Bayon
1031 1873 31 29 (J.
1072 1873 42 29 L.),
1130 1872 59 23 villa
1204 1871 88 31 Bayon,
1308 1878 88 17 avenue
1410 1872 109 31 Lympia.

919 1914 156 21 Beaumont
1090 1910 71 30 (G1"1"
1176 1909 47 30 de),
1239 1911 36 28 33,
1290 1910 130 24 boulevard
1436 1910 133 24 Carabacel.

917 1951 165 22 Beauredon
1097 1948 56 30 (M"*
1168 1948 48 29 de),
1230 1950 24 26 4,
1269 1956 41 16 rue
1325 1949 29 23 de
1371 1950 21 23 la
1408 1949 80 24 Paix.

917 1989 177 26 Beauregard
1109 1986 56 30 (M™*
1179 1986 47 30 de),
1243 1989 26 20 11
1288 1988 46 29 bis,
1349 1988 64 23 bout.
1430 1988 163 29 Dubouchage.

916 2028 172 22 Beauretour
1105 2025 69 30 (B"»1"
1189 2024 48 30 de),
1252 2033 42 16 rue
1308 2024 29 25 de
1352 2025 23 25 la
1389 2024 187 25 Tour-Lascaris.

916 2067 107 25 Becque
1038 2063 99 31 (Henri),
1151 2064 57 24 villa
1222 2063 88 32 Henry,
1326 2064 46 24 cité
1386 2063 109 32 Lympia.

916 2103 157 30 Belgiojoso
1092 2102 43 31 (O
1155 2103 48 30 de),
1228 2103 97 28 Consul,
1352 2104 58 22 villa
1436 2102 80 29 Lucie,
1543 2101 72 31 petite

943 2148 88 17 avenue
1045 2141 187 24 Saint-Maurice.

915 2182 90 21 Bellet
1019 2179 48 31 (B"n
1081 2179 46 30 de),
1142 2180 92 24 Ancien
1250 2181 100 30 Député,
1366 2181 37 29 19,
1417 2178 143 33 promenade
1574 2177 40 24 des

942 2213 96 32 Anglais
1092 2217 24 21 et
1124 2216 29 29 è
1161 2214 29 24 de
1200 2214 83 25 Bellet.
